Symbol,Date,Time,Bid Price,Bid Exchange,Bid Size,Ask Price,Ask Exchange,Ask Size
NTLS,03/03/2014,09:30:00.198,13.82,T,1,13.94,T,2
NTLS,03/03/2014,09:30:00.198,13.82,T,2,13.94,T,2
NTLS,03/03/2014,09:30:03.456,13.82,T,1,13.94,T,2
NTLS,03/03/2014,09:30:03.845,13.9,K,2,13.94,T,2
NTLS,03/03/2014,09:30:12.313,13.9,K,2,13.93,T,1
NTLS,03/03/2014,09:30:12.313,13.9,K,1,13.93,T,1
NTLS,03/03/2014,09:30:12.313,13.88,Z,1,13.93,T,1
NTLS,03/03/2014,09:30:13.983,13.88,Z,1,13.94,T,2
NTLS,03/03/2014,09:30:18.012,13.88,Z,1,13.94,T,3
NTLS,03/03/2014,09:30:19.719,13.87,T,2,13.94,T,3
NTLS,03/03/2014,09:30:19.722,13.87,T,1,13.94,T,3
NTLS,03/03/2014,09:30:19.722,13.85,T,3,13.94,T,3
NTLS,03/03/2014,09:30:19.722,13.85,T,2,13.94,T,3
NTLS,03/03/2014,09:30:25.638,13.85,T,1,13.94,T,3
NTLS,03/03/2014,09:30:26.331,13.85,T,1,13.94,T,2
NTLS,03/03/2014,09:30:28.629,13.85,B,1,13.94,T,2
NTLS,03/03/2014,09:30:30.224,13.85,B,1,13.94,T,3
NTLS,03/03/2014,09:30:30.229,13.84,T,2,13.94,T,3
NTLS,03/03/2014,09:30:30.267,13.84,T,2,13.93,T,1
NTLS,03/03/2014,09:30:32.341,13.84,T,2,13.93,T,2
NTLS,03/03/2014,09:30:33.487,13.84,T,1,13.93,T,2
NTLS,03/03/2014,09:30:59.309,13.84,T,1,13.92,T,1
NTLS,03/03/2014,09:30:59.310,13.84,T,1,13.92,T,2
NTLS,03/03/2014,09:30:59.397,13.84,T,1,13.92,T,3
NTLS,03/03/2014,09:31:00.155,13.84,T,1,13.92,T,2
NTLS,03/03/2014,09:31:01.131,13.84,T,1,13.92,T,1
NTLS,03/03/2014,09:31:01.131,13.84,T,1,13.92,B,1
NTLS,03/03/2014,09:31:01.131,13.84,T,1,13.92,X,1
NTLS,03/03/2014,09:31:01.133,13.82,T,1,13.92,X,1
NTLS,03/03/2014,09:31:01.199,13.82,T,1,13.84,Z,1
NTLS,03/03/2014,09:31:01.200,13.82,T,1,13.92,X,1
NTLS,03/03/2014,09:31:01.206,13.82,T,1,13.91,T,1
NTLS,03/03/2014,09:31:06.003,13.82,T,1,13.91,T,2
NTLS,03/03/2014,09:31:08.164,13.82,T,1,13.91,T,3
NTLS,03/03/2014,09:31:15.161,13.82,T,1,13.9,T,1
NTLS,03/03/2014,09:31:15.588,13.82,T,1,13.9,T,2
NTLS,03/03/2014,09:31:16.161,13.82,T,1,13.9,T,1
NTLS,03/03/2014,09:31:38.934,13.82,T,1,13.89,P,1
NTLS,03/03/2014,09:31:38.935,13.82,T,1,13.87,P,1
NTLS,03/03/2014,09:32:00.292,13.82,T,1,13.87,P,2
NTLS,03/03/2014,09:32:07.015,13.82,T,1,13.86,T,1
NTLS,03/03/2014,09:32:07.017,13.82,T,1,13.85,P,1
NTLS,03/03/2014,09:32:12.447,13.81,K,1,13.85,P,1
NTLS,03/03/2014,09:32:12.447,13.81,K,1,13.84,T,1
NTLS,03/03/2014,09:32:12.450,13.81,Z,1,13.84,T,1
NTLS,03/03/2014,09:32:12.450,13.81,Z,1,13.85,P,1
NTLS,03/03/2014,09:32:12.451,13.81,Z,1,13.84,T,1
NTLS,03/03/2014,09:32:12.462,13.81,P,1,13.84,T,1
NTLS,03/03/2014,09:32:12.520,13.81,P,1,13.84,T,2
NTLS,03/03/2014,09:32:12.618,13.8,K,10,13.84,T,2
NTLS,03/03/2014,09:32:13.760,13.8,K,10,13.83,P,1
NTLS,03/03/2014,09:32:21.306,13.8,K,10,13.82,T,1
NTLS,03/03/2014,09:32:21.311,13.8,K,10,13.82,T,2
NTLS,03/03/2014,09:32:25.122,13.8,K,10,13.81,T,1
NTLS,03/03/2014,09:32:25.122,13.78,T,3,13.81,T,1
NTLS,03/03/2014,09:32:25.122,13.78,T,2,13.81,T,1
NTLS,03/03/2014,09:32:25.134,13.78,T,2,13.82,T,2
NTLS,03/03/2014,09:32:25.134,13.78,T,2,13.81,P,1
NTLS,03/03/2014,09:32:25.136,13.78,T,2,13.82,T,2
NTLS,03/03/2014,09:32:25.185,13.78,T,2,13.8,T,1
NTLS,03/03/2014,09:32:25.268,13.78,T,2,13.8,T,2
NTLS,03/03/2014,09:32:27.786,13.78,T,2,13.79,Z,1
NTLS,03/03/2014,09:32:27.786,13.78,T,1,13.79,Z,1
NTLS,03/03/2014,09:32:27.787,13.78,P,1,13.79,Z,1
NTLS,03/03/2014,09:32:27.788,13.77,T,2,13.79,Z,1
NTLS,03/03/2014,09:32:27.858,13.77,T,2,13.78,T,1
NTLS,03/03/2014,09:32:27.868,13.77,T,2,13.78,T,2
NTLS,03/03/2014,09:32:30.951,13.77,T,1,13.78,T,2
NTLS,03/03/2014,09:32:33.174,13.77,P,1,13.78,T,2
NTLS,03/03/2014,09:32:33.174,13.77,P,1,13.78,T,3
NTLS,03/03/2014,09:32:33.174,13.77,P,1,13.78,T,4
NTLS,03/03/2014,09:32:33.175,13.76,T,3,13.78,T,4
NTLS,03/03/2014,09:32:33.176,13.76,T,3,13.77,T,1
NTLS,03/03/2014,09:32:33.176,13.76,T,3,13.77,T,2
NTLS,03/03/2014,09:32:33.176,13.76,T,3,13.77,T,1
NTLS,03/03/2014,09:32:33.176,13.76,T,3,13.78,T,2
NTLS,03/03/2014,09:32:33.177,13.76,T,3,13.78,T,1
NTLS,03/03/2014,09:32:33.181,13.76,T,3,13.77,T,1
NTLS,03/03/2014,09:32:35.110,13.76,T,3,13.77,T,2
NTLS,03/03/2014,09:32:42.341,13.76,T,3,13.77,T,1
NTLS,03/03/2014,09:32:42.341,13.76,T,3,13.77,Z,2
NTLS,03/03/2014,09:32:42.341,13.76,T,4,13.77,Z,2
NTLS,03/03/2014,09:32:42.342,13.76,T,4,13.77,Z,1
NTLS,03/03/2014,09:32:42.342,13.76,T,4,13.77,P,1
NTLS,03/03/2014,09:32:42.342,13.76,T,4,13.82,T,1
NTLS,03/03/2014,09:32:42.343,13.77,T,1,13.82,T,1
NTLS,03/03/2014,09:32:42.371,13.76,T,3,13.82,T,1
NTLS,03/03/2014,09:32:43.762,13.76,T,3,13.81,P,1
NTLS,03/03/2014,09:33:01.322,13.76,T,3,13.81,T,10
NTLS,03/03/2014,09:33:01.391,13.76,T,3,13.8,T,1
NTLS,03/03/2014,09:33:01.393,13.76,T,3,13.8,T,2
NTLS,03/03/2014,09:33:01.396,13.76,T,3,13.8,T,3
NTLS,03/03/2014,09:33:08.505,13.76,T,3,13.8,T,6
NTLS,03/03/2014,09:33:11.019,13.76,T,3,13.79,T,1
NTLS,03/03/2014,09:33:11.444,13.76,T,3,13.79,T,8
NTLS,03/03/2014,09:33:18.627,13.76,T,3,13.79,T,7
NTLS,03/03/2014,09:33:18.627,13.76,T,3,13.79,T,6
NTLS,03/03/2014,09:33:18.627,13.76,T,3,13.79,T,4
NTLS,03/03/2014,09:33:20.308,13.76,T,3,13.78,T,1
NTLS,03/03/2014,09:33:21.243,13.76,T,3,13.78,T,2
NTLS,03/03/2014,09:33:23.753,13.76,Z,1,13.78,T,2
NTLS,03/03/2014,09:33:23.753,13.76,Z,1,13.77,T,1
NTLS,03/03/2014,09:33:23.754,13.75,T,1,13.77,T,1
NTLS,03/03/2014,09:33:23.754,13.75,T,1,13.77,T,2
NTLS,03/03/2014,09:33:23.754,13.75,T,1,13.76,T,1
NTLS,03/03/2014,09:33:23.761,13.73,T,1,13.76,T,1
NTLS,03/03/2014,09:33:23.761,13.73,T,1,13.75,T,1
NTLS,03/03/2014,09:33:23.761,13.73,T,1,13.75,T,2
NTLS,03/03/2014,09:33:23.771,13.73,T,1,13.75,T,1
NTLS,03/03/2014,09:33:23.771,13.73,T,1,13.76,T,4
NTLS,03/03/2014,09:33:23.771,13.73,T,1,13.76,T,3
NTLS,03/03/2014,09:33:23.771,13.74,Z,1,13.76,T,3
NTLS,03/03/2014,09:33:23.772,13.75,Z,1,13.76,T,3
NTLS,03/03/2014,09:33:23.775,13.75,Z,1,13.76,T,2
NTLS,03/03/2014,09:33:23.776,13.75,Z,1,13.76,T,1
NTLS,03/03/2014,09:33:23.776,13.75,Z,1,13.77,T,1
NTLS,03/03/2014,09:33:23.776,13.75,Z,1,13.77,T,2
NTLS,03/03/2014,09:33:23.778,13.75,Z,1,13.77,T,4
NTLS,03/03/2014,09:33:23.780,13.75,Z,1,13.77,T,2
NTLS,03/03/2014,09:33:23.780,13.75,Z,1,13.76,T,1
NTLS,03/03/2014,09:33:29.063,13.75,Z,1,13.77,T,2
NTLS,03/03/2014,09:33:29.066,13.75,Z,1,13.77,T,1
NTLS,03/03/2014,09:33:29.067,13.75,Z,1,13.78,T,2
NTLS,03/03/2014,09:33:29.067,13.75,Z,1,13.78,T,3
NTLS,03/03/2014,09:33:29.067,13.75,Z,1,13.78,T,4
NTLS,03/03/2014,09:33:29.074,13.75,P,1,13.78,T,4
NTLS,03/03/2014,09:33:29.202,13.73,T,1,13.78,T,4
NTLS,03/03/2014,09:33:29.206,13.73,T,1,13.75,Z,1
NTLS,03/03/2014,09:33:29.807,13.7,T,3,13.75,Z,1
NTLS,03/03/2014,09:33:29.807,13.71,B,1,13.75,Z,1
NTLS,03/03/2014,09:33:29.828,13.71,B,1,13.74,T,1
NTLS,03/03/2014,09:33:29.872,13.71,B,1,13.74,T,2
NTLS,03/03/2014,09:33:32.280,13.71,B,1,13.74,T,3
NTLS,03/03/2014,09:33:32.345,13.7,T,3,13.74,T,3
NTLS,03/03/2014,09:33:32.825,13.7,T,3,13.74,T,2
NTLS,03/03/2014,09:33:32.832,13.7,T,3,13.74,T,1
NTLS,03/03/2014,09:33:34.977,13.7,T,3,13.73,T,1
NTLS,03/03/2014,09:33:51.758,13.7,T,3,13.73,T,2
NTLS,03/03/2014,09:33:57.642,13.7,T,3,13.73,T,3
NTLS,03/03/2014,09:33:58.387,13.7,T,3,13.73,T,2
NTLS,03/03/2014,09:33:58.388,13.7,T,3,13.73,T,1
NTLS,03/03/2014,09:33:58.388,13.7,T,3,13.73,P,1
NTLS,03/03/2014,09:33:58.388,13.71,T,1,13.73,P,1
NTLS,03/03/2014,09:33:58.389,13.71,T,1,13.78,T,1
NTLS,03/03/2014,09:33:58.389,13.72,Z,1,13.78,T,1
NTLS,03/03/2014,09:33:58.397,13.72,Z,1,13.78,K,2
NTLS,03/03/2014,09:33:58.397,13.72,Z,1,13.78,K,1
NTLS,03/03/2014,09:33:58.397,13.72,Z,1,13.79,T,4
NTLS,03/03/2014,09:33:58.400,13.72,Z,1,13.78,T,1
NTLS,03/03/2014,09:33:58.403,13.72,Z,1,13.78,B,1
NTLS,03/03/2014,09:33:58.403,13.72,Z,1,13.79,T,4
NTLS,03/03/2014,09:33:58.404,13.72,Z,1,13.79,T,3
NTLS,03/03/2014,09:33:58.412,13.72,Z,1,13.79,T,2
NTLS,03/03/2014,09:33:58.461,13.72,Z,1,13.79,B,1
NTLS,03/03/2014,09:33:59.146,13.72,Z,1,13.78,T,1
NTLS,03/03/2014,09:33:59.913,13.72,Z,2,13.78,T,1
NTLS,03/03/2014,09:34:02.813,13.72,Z,2,13.77,Z,1
NTLS,03/03/2014,09:34:09.737,13.72,Z,1,13.77,Z,1
NTLS,03/03/2014,09:34:10.541,13.72,Z,2,13.77,Z,1
NTLS,03/03/2014,09:34:14.272,13.74,K,6,13.77,Z,1
NTLS,03/03/2014,09:34:14.703,13.76,K,1,13.77,Z,1
NTLS,03/03/2014,09:34:14.705,13.74,K,6,13.77,Z,1
NTLS,03/03/2014,09:35:01.332,13.74,K,6,13.76,T,1
NTLS,03/03/2014,09:35:04.803,13.74,K,6,13.75,P,2
NTLS,03/03/2014,09:35:04.804,13.74,K,5,13.75,P,2
NTLS,03/03/2014,09:35:04.804,13.72,T,1,13.75,P,2
NTLS,03/03/2014,09:35:04.807,13.72,T,1,13.74,K,6
NTLS,03/03/2014,09:35:04.929,13.72,T,1,13.74,K,7
NTLS,03/03/2014,09:35:06.290,13.72,T,1,13.74,K,1
NTLS,03/03/2014,09:35:08.120,13.72,T,2,13.74,K,1
NTLS,03/03/2014,09:35:15.099,13.72,T,1,13.74,K,1
NTLS,03/03/2014,09:35:20.008,13.72,Z,1,13.74,K,1
NTLS,03/03/2014,09:36:09.822,13.72,Z,1,13.73,T,1
NTLS,03/03/2014,09:36:09.824,13.72,Z,1,13.74,T,3
NTLS,03/03/2014,09:36:09.824,13.73,T,1,13.74,T,3
NTLS,03/03/2014,09:36:09.824,13.73,T,2,13.74,T,3
NTLS,03/03/2014,09:36:09.824,13.73,T,3,13.74,T,3
NTLS,03/03/2014,09:36:09.824,13.73,T,3,13.74,T,2
NTLS,03/03/2014,09:36:09.824,13.73,T,3,13.74,T,1
NTLS,03/03/2014,09:36:09.824,13.73,T,3,13.74,Z,2
NTLS,03/03/2014,09:36:09.825,13.73,T,4,13.74,Z,2
NTLS,03/03/2014,09:36:09.825,13.73,T,5,13.74,Z,2
NTLS,03/03/2014,09:36:09.825,13.73,T,6,13.74,Z,2
NTLS,03/03/2014,09:36:09.825,13.73,T,7,13.74,Z,2
NTLS,03/03/2014,09:36:09.825,13.73,T,8,13.74,Z,2
NTLS,03/03/2014,09:36:09.825,13.73,T,8,13.74,K,1
NTLS,03/03/2014,09:36:09.826,13.73,T,8,13.74,P,1
NTLS,03/03/2014,09:36:09.831,13.73,T,7,13.74,P,1
NTLS,03/03/2014,09:36:09.833,13.73,T,6,13.74,P,1
NTLS,03/03/2014,09:36:09.833,13.73,T,7,13.74,P,1
NTLS,03/03/2014,09:36:09.833,13.73,T,6,13.74,P,1
NTLS,03/03/2014,09:36:09.839,13.73,T,5,13.74,P,1
NTLS,03/03/2014,09:36:09.839,13.73,T,4,13.74,P,1
NTLS,03/03/2014,09:36:09.851,13.73,T,4,13.75,K,1
NTLS,03/03/2014,09:36:09.872,13.73,T,4,13.75,P,1
NTLS,03/03/2014,09:36:09.881,13.73,T,4,13.76,T,2
NTLS,03/03/2014,09:36:13.134,13.73,T,4,13.76,T,1
NTLS,03/03/2014,09:36:13.143,13.73,T,4,13.77,K,1
NTLS,03/03/2014,09:36:13.849,13.73,T,4,13.76,P,2
NTLS,03/03/2014,09:36:13.868,13.73,T,4,13.76,P,3
NTLS,03/03/2014,09:36:18.894,13.73,T,6,13.76,P,3
NTLS,03/03/2014,09:36:24.740,13.74,T,1,13.76,P,3
NTLS,03/03/2014,09:36:24.740,13.74,T,2,13.76,P,3
NTLS,03/03/2014,09:36:24.741,13.74,T,2,13.77,K,2
NTLS,03/03/2014,09:36:24.743,13.76,P,1,13.77,K,2
NTLS,03/03/2014,09:36:24.744,13.76,P,1,13.77,Z,1
NTLS,03/03/2014,09:36:24.744,13.76,P,1,13.77,C,1
NTLS,03/03/2014,09:36:24.745,13.76,P,1,13.78,T,1
NTLS,03/03/2014,09:36:24.747,13.76,P,1,13.77,T,1
NTLS,03/03/2014,09:36:24.750,13.76,P,1,13.78,T,1
NTLS,03/03/2014,09:36:24.755,13.76,P,1,13.77,P,1
NTLS,03/03/2014,09:36:24.757,13.76,P,1,13.78,T,1
NTLS,03/03/2014,09:36:24.775,13.76,P,1,13.81,P,1
NTLS,03/03/2014,09:36:24.782,13.76,P,1,13.81,P,2
NTLS,03/03/2014,09:36:24.784,13.76,P,1,13.81,P,1
NTLS,03/03/2014,09:36:28.848,13.76,P,1,13.8,P,1
NTLS,03/03/2014,09:36:33.991,13.76,P,1,13.8,P,2
NTLS,03/03/2014,09:36:33.993,13.76,P,1,13.8,P,1
NTLS,03/03/2014,09:36:34.009,13.76,P,1,13.8,P,2
NTLS,03/03/2014,09:36:34.019,13.76,P,1,13.8,P,3
NTLS,03/03/2014,09:36:34.019,13.76,P,1,13.8,P,2
NTLS,03/03/2014,09:36:34.048,13.76,P,1,13.79,T,1
NTLS,03/03/2014,09:36:36.477,13.76,P,2,13.79,T,1
NTLS,03/03/2014,09:36:49.761,13.76,P,2,13.79,T,2
NTLS,03/03/2014,09:36:51.639,13.77,T,1,13.79,T,2
NTLS,03/03/2014,09:36:51.639,13.77,T,2,13.79,T,2
NTLS,03/03/2014,09:36:51.644,13.77,T,2,13.79,T,1
NTLS,03/03/2014,09:36:53.891,13.77,T,2,13.79,P,1
NTLS,03/03/2014,09:36:53.891,13.78,T,1,13.79,P,1
NTLS,03/03/2014,09:36:53.909,13.78,Z,2,13.79,P,1
NTLS,03/03/2014,09:36:55.174,13.78,Z,2,13.79,P,2
NTLS,03/03/2014,09:36:55.175,13.78,Z,2,13.79,P,1
NTLS,03/03/2014,09:36:55.198,13.78,Z,2,13.79,P,2
NTLS,03/03/2014,09:36:55.200,13.78,Z,2,13.79,P,1
NTLS,03/03/2014,09:36:57.648,13.78,Z,2,13.8,T,1
NTLS,03/03/2014,09:36:57.648,13.79,T,1,13.8,T,1
NTLS,03/03/2014,09:36:57.648,13.79,T,2,13.8,T,1
NTLS,03/03/2014,09:36:57.733,13.79,T,1,13.8,T,1
NTLS,03/03/2014,09:36:57.733,13.79,Z,2,13.8,T,1
NTLS,03/03/2014,09:36:59.220,13.79,Z,2,13.8,P,1
NTLS,03/03/2014,09:36:59.222,13.79,Z,2,13.81,Z,1
NTLS,03/03/2014,09:36:59.222,13.8,T,1,13.81,Z,1
NTLS,03/03/2014,09:36:59.223,13.8,T,2,13.81,Z,1
NTLS,03/03/2014,09:36:59.223,13.8,T,3,13.81,Z,1
NTLS,03/03/2014,09:36:59.223,13.8,T,2,13.81,Z,1
NTLS,03/03/2014,09:36:59.223,13.8,T,1,13.81,Z,1
NTLS,03/03/2014,09:36:59.223,13.79,Z,2,13.81,Z,1
NTLS,03/03/2014,09:36:59.227,13.8,Z,1,13.81,Z,1
NTLS,03/03/2014,09:36:59.227,13.8,Z,2,13.81,Z,1
NTLS,03/03/2014,09:36:59.238,13.8,Z,1,13.81,Z,1
NTLS,03/03/2014,09:36:59.335,13.79,P,1,13.81,Z,1
NTLS,03/03/2014,09:36:59.335,13.79,P,1,13.8,T,1
NTLS,03/03/2014,09:36:59.335,13.79,P,1,13.8,T,2
NTLS,03/03/2014,09:36:59.335,13.79,P,1,13.8,T,1
NTLS,03/03/2014,09:36:59.422,13.79,P,1,13.8,T,2
NTLS,03/03/2014,09:36:59.485,13.79,P,1,13.8,T,1
NTLS,03/03/2014,09:37:01.608,13.79,P,1,13.81,P,1
NTLS,03/03/2014,09:37:01.608,13.8,T,1,13.81,P,1
NTLS,03/03/2014,09:37:01.608,13.8,T,2,13.81,P,1
NTLS,03/03/2014,09:37:01.608,13.8,T,3,13.81,P,1
NTLS,03/03/2014,09:37:01.608,13.8,T,4,13.81,P,1
NTLS,03/03/2014,09:37:01.608,13.8,T,5,13.81,P,1
NTLS,03/03/2014,09:37:01.610,13.8,T,4,13.81,P,1
NTLS,03/03/2014,09:37:01.624,13.8,T,4,13.81,P,2
NTLS,03/03/2014,09:37:01.625,13.8,T,4,13.81,P,1
NTLS,03/03/2014,09:37:01.647,13.8,T,4,13.81,P,2
NTLS,03/03/2014,09:37:01.648,13.8,T,4,13.81,P,1
NTLS,03/03/2014,09:37:01.674,13.8,T,3,13.81,P,1
NTLS,03/03/2014,09:37:01.694,13.8,T,2,13.81,P,1
NTLS,03/03/2014,09:37:01.750,13.8,T,1,13.81,P,1
NTLS,03/03/2014,09:37:01.750,13.79,P,1,13.81,P,1
NTLS,03/03/2014,09:37:01.750,13.79,P,1,13.8,T,1
NTLS,03/03/2014,09:37:01.750,13.79,P,1,13.8,T,2
NTLS,03/03/2014,09:37:01.750,13.79,P,1,13.8,T,3
NTLS,03/03/2014,09:37:01.750,13.79,P,1,13.8,T,5
NTLS,03/03/2014,09:37:01.752,13.79,P,1,13.8,T,6
NTLS,03/03/2014,09:37:01.752,13.79,P,1,13.79,T,1
NTLS,03/03/2014,09:37:01.752,13.79,P,1,13.79,T,2
NTLS,03/03/2014,09:37:01.752,13.79,P,1,13.79,T,3
NTLS,03/03/2014,09:37:01.753,13.77,T,1,13.79,T,3
NTLS,03/03/2014,09:37:01.755,13.77,T,1,13.79,T,2
NTLS,03/03/2014,09:37:01.905,13.77,T,1,13.79,T,1
NTLS,03/03/2014,09:37:01.905,13.77,T,1,13.79,P,1
NTLS,03/03/2014,09:37:01.906,13.77,T,1,13.8,T,3
NTLS,03/03/2014,09:37:02.431,13.77,T,1,13.8,T,1
NTLS,03/03/2014,09:37:02.431,13.77,T,1,13.8,P,1
NTLS,03/03/2014,09:37:02.445,13.77,T,1,13.81,Z,1
NTLS,03/03/2014,09:37:03.874,13.77,T,1,13.8,T,1
NTLS,03/03/2014,09:37:03.874,13.77,T,1,13.8,T,2
NTLS,03/03/2014,09:37:05.365,13.77,T,1,13.8,T,3
NTLS,03/03/2014,09:37:05.505,13.76,T,6,13.8,T,3
NTLS,03/03/2014,09:37:05.572,13.76,T,6,13.79,T,1
NTLS,03/03/2014,09:37:05.572,13.76,T,6,13.79,T,2
NTLS,03/03/2014,09:37:05.576,13.76,T,7,13.79,T,2
NTLS,03/03/2014,09:37:06.286,13.77,T,1,13.79,T,2
NTLS,03/03/2014,09:37:07.842,13.77,T,1,13.79,T,1
NTLS,03/03/2014,09:37:07.842,13.77,T,1,13.8,T,4
NTLS,03/03/2014,09:37:07.843,13.78,T,1,13.8,T,4
NTLS,03/03/2014,09:37:07.843,13.78,T,2,13.8,T,4
NTLS,03/03/2014,09:37:07.843,13.78,T,2,13.8,T,3
NTLS,03/03/2014,09:37:07.843,13.78,T,1,13.8,T,3
NTLS,03/03/2014,09:37:07.843,13.77,T,1,13.8,T,3
NTLS,03/03/2014,09:37:14.796,13.77,T,1,13.8,T,2
NTLS,03/03/2014,09:37:15.901,13.77,T,1,13.8,T,1
NTLS,03/03/2014,09:37:15.901,13.77,T,1,13.81,P,1
NTLS,03/03/2014,09:37:15.901,13.78,T,1,13.81,P,1
NTLS,03/03/2014,09:37:15.901,13.78,T,2,13.81,P,1
NTLS,03/03/2014,09:37:15.915,13.78,T,2,13.81,P,2
NTLS,03/03/2014,09:37:15.917,13.78,T,2,13.81,P,1
NTLS,03/03/2014,09:37:15.939,13.78,T,2,13.81,P,2
NTLS,03/03/2014,09:37:15.941,13.78,T,2,13.81,P,1
NTLS,03/03/2014,09:37:15.971,13.78,T,2,13.8,T,1
NTLS,03/03/2014,09:37:15.971,13.78,T,2,13.8,T,2
NTLS,03/03/2014,09:37:15.971,13.78,T,1,13.8,T,2
NTLS,03/03/2014,09:37:15.971,13.78,Z,1,13.8,T,2
NTLS,03/03/2014,09:37:16.120,13.78,Z,1,13.8,T,1
NTLS,03/03/2014,09:37:22.892,13.78,Z,1,13.81,K,1
NTLS,03/03/2014,09:37:22.897,13.78,Z,1,13.81,P,1
NTLS,03/03/2014,09:37:22.901,13.78,Z,1,13.82,K,1
NTLS,03/03/2014,09:37:22.908,13.78,Z,1,13.83,C,1
NTLS,03/03/2014,09:37:22.909,13.78,Z,1,13.84,K,1
NTLS,03/03/2014,09:37:22.912,13.78,Z,1,13.87,T,2
NTLS,03/03/2014,09:37:22.913,13.78,Z,1,13.81,Z,1
NTLS,03/03/2014,09:37:22.916,13.78,Z,1,13.82,T,2
NTLS,03/03/2014,09:37:22.916,13.78,Z,1,13.82,T,1
NTLS,03/03/2014,09:37:22.916,13.78,Z,1,13.87,T,3
NTLS,03/03/2014,09:37:22.917,13.78,Z,1,13.87,T,2
NTLS,03/03/2014,09:37:22.917,13.78,Z,1,13.87,T,1
NTLS,03/03/2014,09:37:22.917,13.78,Z,1,13.88,X,3
NTLS,03/03/2014,09:37:22.917,13.78,Z,1,13.81,T,1
NTLS,03/03/2014,09:37:22.917,13.79,T,1,13.81,T,1
NTLS,03/03/2014,09:37:22.917,13.78,P,1,13.81,T,1
NTLS,03/03/2014,09:37:22.917,13.79,T,1,13.81,T,1
NTLS,03/03/2014,09:37:22.917,13.79,T,1,13.88,X,3
NTLS,03/03/2014,09:37:22.917,13.78,Y,6,13.88,X,3
NTLS,03/03/2014,09:37:22.917,13.79,J,1,13.88,X,3
NTLS,03/03/2014,09:37:22.917,13.78,Y,6,13.88,X,3
NTLS,03/03/2014,09:37:22.917,13.78,Y,6,13.87,J,5
NTLS,03/03/2014,09:37:22.919,13.78,T,3,13.87,J,5
NTLS,03/03/2014,09:37:22.920,13.78,T,2,13.87,J,5
NTLS,03/03/2014,09:37:22.923,13.79,Z,1,13.87,J,5
NTLS,03/03/2014,09:37:22.934,13.79,Z,1,13.83,T,1
NTLS,03/03/2014,09:37:23.019,13.79,Z,1,13.87,J,5
NTLS,03/03/2014,09:37:23.040,13.79,Z,1,13.87,X,1
NTLS,03/03/2014,09:37:23.448,13.79,Z,1,13.87,B,1
NTLS,03/03/2014,09:37:23.448,13.79,Z,1,13.87,C,1
NTLS,03/03/2014,09:37:23.449,13.79,Z,1,13.88,X,3
NTLS,03/03/2014,09:37:23.754,13.79,Z,1,13.9,B,2
NTLS,03/03/2014,09:37:24.010,13.79,Z,1,13.9,Y,5
NTLS,03/03/2014,09:37:24.313,13.79,Z,1,13.89,T,1
NTLS,03/03/2014,09:37:24.763,13.8,T,2,13.89,T,1
NTLS,03/03/2014,09:37:24.763,13.8,T,3,13.89,T,1
NTLS,03/03/2014,09:37:24.788,13.8,T,3,13.88,T,1
NTLS,03/03/2014,09:37:24.918,13.8,T,3,13.87,T,1
NTLS,03/03/2014,09:37:25.293,13.8,T,3,13.86,T,1
NTLS,03/03/2014,09:37:27.922,13.8,T,5,13.86,T,1
NTLS,03/03/2014,09:37:29.882,13.81,T,2,13.86,T,1
NTLS,03/03/2014,09:37:32.808,13.82,T,2,13.86,T,1
NTLS,03/03/2014,09:37:32.808,13.82,T,3,13.86,T,1
NTLS,03/03/2014,09:37:32.811,13.82,T,5,13.86,T,1
NTLS,03/03/2014,09:37:32.812,13.82,T,3,13.86,T,1
NTLS,03/03/2014,09:37:36.065,13.82,T,2,13.86,T,1
NTLS,03/03/2014,09:37:38.033,13.82,T,2,13.87,T,1
NTLS,03/03/2014,09:37:38.049,13.82,T,4,13.87,T,1
NTLS,03/03/2014,09:37:38.049,13.82,T,5,13.87,T,1
NTLS,03/03/2014,09:37:38.110,13.82,T,5,13.86,T,1
NTLS,03/03/2014,09:37:38.113,13.82,T,3,13.86,T,1
NTLS,03/03/2014,09:37:41.306,13.82,T,2,13.86,T,1
NTLS,03/03/2014,09:37:41.674,13.83,T,1,13.86,T,1
NTLS,03/03/2014,09:37:41.675,13.83,T,2,13.86,T,1
NTLS,03/03/2014,09:37:41.675,13.83,T,2,13.87,T,1
NTLS,03/03/2014,09:37:41.675,13.83,T,2,13.89,P,1
NTLS,03/03/2014,09:37:41.675,13.84,T,1,13.89,P,1
NTLS,03/03/2014,09:37:42.946,13.84,T,1,13.89,T,2
NTLS,03/03/2014,09:37:42.950,13.84,J,1,13.89,T,2
NTLS,03/03/2014,09:37:44.938,13.84,J,1,13.89,T,1
NTLS,03/03/2014,09:37:55.765,13.84,J,1,13.92,T,1
NTLS,03/03/2014,09:37:55.766,13.85,T,1,13.92,T,1
NTLS,03/03/2014,09:37:55.766,13.85,T,2,13.92,T,1
NTLS,03/03/2014,09:37:55.769,13.85,T,4,13.92,T,1
NTLS,03/03/2014,09:37:55.773,13.85,T,5,13.92,T,1
NTLS,03/03/2014,09:37:55.828,13.89,K,20,13.92,T,1
NTLS,03/03/2014,09:37:55.841,13.89,K,20,13.91,T,1
NTLS,03/03/2014,09:37:55.882,13.89,K,20,13.92,T,1
NTLS,03/03/2014,09:38:02.730,13.89,K,20,13.92,T,2
NTLS,03/03/2014,09:38:04.489,13.89,K,20,13.91,T,1
NTLS,03/03/2014,09:38:04.489,13.89,K,20,13.91,T,2
NTLS,03/03/2014,09:38:04.636,13.89,K,20,13.91,T,1
NTLS,03/03/2014,09:38:05.482,13.89,K,20,13.91,T,2
NTLS,03/03/2014,09:38:08.343,13.89,K,20,13.9,T,1
NTLS,03/03/2014,09:38:08.344,13.89,K,18,13.9,T,1
NTLS,03/03/2014,09:38:08.344,13.89,K,17,13.9,T,1
NTLS,03/03/2014,09:38:08.344,13.85,J,6,13.9,T,1
NTLS,03/03/2014,09:38:08.344,13.85,J,6,13.89,T,1
NTLS,03/03/2014,09:38:08.344,13.85,J,6,13.89,T,2
NTLS,03/03/2014,09:38:08.349,13.85,T,2,13.89,T,2
NTLS,03/03/2014,09:38:08.349,13.85,T,1,13.89,T,2
NTLS,03/03/2014,09:38:08.349,13.85,K,1,13.89,T,2
NTLS,03/03/2014,09:38:08.349,13.84,T,1,13.89,T,2
NTLS,03/03/2014,09:38:08.350,13.84,T,1,13.89,T,3
NTLS,03/03/2014,09:38:08.376,13.84,T,3,13.89,T,3
NTLS,03/03/2014,09:38:08.376,13.84,T,4,13.89,T,3
NTLS,03/03/2014,09:38:08.405,13.84,T,4,13.88,T,1
NTLS,03/03/2014,09:38:08.405,13.84,T,4,13.88,T,2
NTLS,03/03/2014,09:38:08.408,13.84,T,2,13.88,T,2
NTLS,03/03/2014,09:38:10.051,13.84,T,2,13.88,T,1
NTLS,03/03/2014,09:38:10.159,13.84,T,3,13.88,T,1
NTLS,03/03/2014,09:38:10.834,13.84,T,2,13.88,T,1
NTLS,03/03/2014,09:38:11.632,13.84,T,1,13.88,T,1
NTLS,03/03/2014,09:38:15.847,13.85,T,1,13.88,T,1
NTLS,03/03/2014,09:38:15.848,13.85,T,2,13.88,T,1
NTLS,03/03/2014,09:38:15.912,13.85,T,2,13.88,T,2
NTLS,03/03/2014,09:38:15.915,13.85,T,2,13.88,T,3
NTLS,03/03/2014,09:38:17.488,13.85,T,2,13.88,T,4
NTLS,03/03/2014,09:38:17.488,13.85,T,2,13.88,T,5
NTLS,03/03/2014,09:38:18.503,13.85,T,2,13.88,T,4
NTLS,03/03/2014,09:38:19.104,13.85,T,1,13.88,T,4
NTLS,03/03/2014,09:38:25.606,13.85,Z,2,13.88,T,4
NTLS,03/03/2014,09:38:25.606,13.85,Z,2,13.87,T,1
NTLS,03/03/2014,09:38:25.606,13.85,Z,2,13.87,T,2
NTLS,03/03/2014,09:38:25.606,13.85,Z,2,13.87,T,3
NTLS,03/03/2014,09:38:25.606,13.85,Z,2,13.86,T,1
NTLS,03/03/2014,09:38:25.606,13.83,P,3,13.86,T,1
NTLS,03/03/2014,09:38:25.606,13.83,P,3,13.86,T,2
NTLS,03/03/2014,09:38:25.606,13.83,P,3,13.86,T,3
NTLS,03/03/2014,09:38:25.608,13.83,P,2,13.86,T,3
NTLS,03/03/2014,09:38:25.624,13.83,P,2,13.86,T,4
NTLS,03/03/2014,09:38:25.760,13.83,P,2,13.86,T,3
NTLS,03/03/2014,09:38:25.761,13.83,P,2,13.86,T,2
NTLS,03/03/2014,09:38:27.508,13.83,P,2,13.86,T,3
NTLS,03/03/2014,09:38:30.535,13.83,P,1,13.86,T,3
NTLS,03/03/2014,09:38:30.537,13.83,P,1,13.86,T,4
NTLS,03/03/2014,09:38:30.538,13.83,P,1,13.86,T,5
NTLS,03/03/2014,09:38:30.538,13.83,Z,1,13.86,T,5
NTLS,03/03/2014,09:38:33.794,13.83,Z,1,13.86,T,4
NTLS,03/03/2014,09:38:41.561,13.83,Z,1,13.86,T,3
NTLS,03/03/2014,09:38:46.811,13.83,Z,1,13.86,T,4
NTLS,03/03/2014,09:38:46.817,13.83,Z,1,13.86,T,3
NTLS,03/03/2014,09:38:46.963,13.84,T,1,13.86,T,3
NTLS,03/03/2014,09:38:46.969,13.84,T,2,13.86,T,3
NTLS,03/03/2014,09:38:52.966,13.84,T,1,13.86,T,3
NTLS,03/03/2014,09:38:52.975,13.84,T,1,13.86,T,2
NTLS,03/03/2014,09:38:52.975,13.84,T,1,13.86,T,1
NTLS,03/03/2014,09:38:52.976,13.84,T,1,13.87,C,1
NTLS,03/03/2014,09:38:52.976,13.85,T,1,13.87,C,1
NTLS,03/03/2014,09:38:52.976,13.85,T,2,13.87,C,1
NTLS,03/03/2014,09:38:52.976,13.85,T,3,13.87,C,1
NTLS,03/03/2014,09:38:52.976,13.85,T,4,13.87,C,1
NTLS,03/03/2014,09:38:52.976,13.85,T,5,13.87,C,1
NTLS,03/03/2014,09:38:52.976,13.86,Z,1,13.87,C,1
NTLS,03/03/2014,09:38:52.978,13.87,K,1,13.87,C,1
NTLS,03/03/2014,09:38:52.978,13.87,K,1,13.88,T,4
NTLS,03/03/2014,09:38:52.982,13.87,K,1,13.88,T,3
NTLS,03/03/2014,09:38:52.988,13.87,K,1,13.88,T,2
NTLS,03/03/2014,09:38:53.035,13.87,K,1,13.88,T,3
NTLS,03/03/2014,09:38:53.035,13.86,Z,1,13.88,T,3
NTLS,03/03/2014,09:38:53.035,13.86,Z,1,13.87,T,1
NTLS,03/03/2014,09:38:53.035,13.86,Z,1,13.88,C,1
NTLS,03/03/2014,09:38:53.037,13.86,Z,1,13.88,T,2
NTLS,03/03/2014,09:38:53.037,13.86,Z,1,13.87,K,1
NTLS,03/03/2014,09:38:53.277,13.86,Z,1,13.86,T,1
NTLS,03/03/2014,09:38:53.429,13.86,Z,1,13.87,K,1
NTLS,03/03/2014,09:38:53.616,13.86,Z,1,13.88,T,2
NTLS,03/03/2014,09:38:53.998,13.86,Z,2,13.88,T,2
NTLS,03/03/2014,09:38:54.421,13.86,Z,3,13.88,T,2
NTLS,03/03/2014,09:39:03.422,13.86,Z,3,13.88,T,3
NTLS,03/03/2014,09:39:05.982,13.86,Z,3,13.88,T,2
NTLS,03/03/2014,09:39:09.483,13.86,Z,3,13.88,T,1
NTLS,03/03/2014,09:39:09.483,13.86,Z,3,13.88,K,1
NTLS,03/03/2014,09:39:17.533,13.86,Z,3,13.87,P,1
NTLS,03/03/2014,09:39:17.558,13.86,Z,3,13.87,P,2
NTLS,03/03/2014,09:39:17.561,13.86,Z,3,13.87,P,1
NTLS,03/03/2014,09:39:17.590,13.86,Z,3,13.87,P,2
NTLS,03/03/2014,09:39:17.592,13.86,Z,3,13.87,P,1
NTLS,03/03/2014,09:39:33.614,13.86,Z,2,13.87,P,1
NTLS,03/03/2014,09:39:37.635,13.86,Z,2,13.86,T,1
NTLS,03/03/2014,09:39:37.636,13.86,Z,2,13.86,T,2
NTLS,03/03/2014,09:39:37.636,13.85,T,1,13.86,T,2
NTLS,03/03/2014,09:39:37.636,13.85,T,1,13.86,T,3
NTLS,03/03/2014,09:39:37.641,13.81,P,1,13.86,T,3
NTLS,03/03/2014,09:39:37.641,13.81,P,1,13.85,T,1
NTLS,03/03/2014,09:39:37.641,13.81,P,1,13.85,T,2
NTLS,03/03/2014,09:39:37.641,13.81,P,1,13.85,T,3
NTLS,03/03/2014,09:39:37.641,13.81,P,1,13.85,T,4
NTLS,03/03/2014,09:39:37.642,13.81,P,1,13.85,T,3
NTLS,03/03/2014,09:39:37.642,13.81,B,1,13.85,T,3
NTLS,03/03/2014,09:39:37.642,13.8,Z,9,13.85,T,3
NTLS,03/03/2014,09:39:37.647,13.81,J,6,13.85,T,3
NTLS,03/03/2014,09:39:37.675,13.81,T,3,13.85,T,3
NTLS,03/03/2014,09:39:37.676,13.81,T,1,13.85,T,3
NTLS,03/03/2014,09:39:37.676,13.81,B,2,13.85,T,3
NTLS,03/03/2014,09:39:37.676,13.81,B,1,13.85,T,3
NTLS,03/03/2014,09:39:37.676,13.81,B,1,13.85,T,2
NTLS,03/03/2014,09:39:37.677,13.8,Z,9,13.85,T,2
NTLS,03/03/2014,09:39:37.678,13.8,Z,9,13.85,T,3
NTLS,03/03/2014,09:39:37.688,13.8,Z,9,13.85,T,4
NTLS,03/03/2014,09:39:37.789,13.8,Z,9,13.85,T,3
NTLS,03/03/2014,09:39:50.873,13.8,Z,9,13.85,T,2
NTLS,03/03/2014,09:39:52.285,13.81,T,1,13.85,T,2
NTLS,03/03/2014,09:39:52.285,13.81,T,2,13.85,T,2
NTLS,03/03/2014,09:39:52.487,13.81,T,3,13.85,T,2
NTLS,03/03/2014,09:39:56.903,13.81,T,2,13.85,T,2
NTLS,03/03/2014,09:39:56.903,13.81,T,1,13.85,T,2
NTLS,03/03/2014,09:39:56.908,13.81,T,1,13.85,T,1
NTLS,03/03/2014,09:39:58.293,13.81,P,1,13.85,T,1
NTLS,03/03/2014,09:39:58.295,13.8,Z,9,13.85,T,1
NTLS,03/03/2014,09:39:58.337,13.8,Z,9,13.85,T,2
NTLS,03/03/2014,09:39:58.337,13.8,Z,9,13.85,T,3
NTLS,03/03/2014,09:39:58.370,13.8,Z,9,13.84,T,1
NTLS,03/03/2014,09:39:58.370,13.8,Z,9,13.84,T,2
NTLS,03/03/2014,09:39:58.597,13.8,Z,9,13.84,T,1
NTLS,03/03/2014,09:40:01.495,13.81,T,2,13.84,T,1
NTLS,03/03/2014,09:40:01.495,13.81,T,3,13.84,T,1
NTLS,03/03/2014,09:40:03.640,13.81,T,1,13.84,T,1
NTLS,03/03/2014,09:40:03.640,13.8,Z,9,13.84,T,1
NTLS,03/03/2014,09:40:03.640,13.8,Z,9,13.83,T,1
NTLS,03/03/2014,09:40:03.640,13.8,Z,9,13.83,T,2
NTLS,03/03/2014,09:40:03.640,13.8,Z,9,13.83,T,3
NTLS,03/03/2014,09:40:03.640,13.8,Z,9,13.83,T,4
NTLS,03/03/2014,09:40:03.642,13.8,Z,9,13.83,T,3
NTLS,03/03/2014,09:40:03.652,13.8,Z,9,13.81,Z,1
NTLS,03/03/2014,09:40:03.653,13.8,Z,9,13.83,T,3
NTLS,03/03/2014,09:40:03.654,13.8,Z,9,13.83,T,4
NTLS,03/03/2014,09:40:03.657,13.8,Z,9,13.83,T,3
NTLS,03/03/2014,09:40:03.659,13.8,Z,9,13.83,T,2
NTLS,03/03/2014,09:40:03.659,13.8,Z,9,13.82,T,1
NTLS,03/03/2014,09:40:03.661,13.8,Z,9,13.83,T,2
NTLS,03/03/2014,09:40:03.661,13.8,Z,9,13.82,J,1
NTLS,03/03/2014,09:40:03.709,13.8,Z,8,13.82,J,1
NTLS,03/03/2014,09:40:04.607,13.81,T,1,13.82,J,1
NTLS,03/03/2014,09:40:04.607,13.81,T,2,13.82,J,1
NTLS,03/03/2014,09:40:04.607,13.81,T,2,13.83,T,8
NTLS,03/03/2014,09:40:04.607,13.81,T,3,13.83,T,8
NTLS,03/03/2014,09:40:04.608,13.81,T,3,13.83,T,7
NTLS,03/03/2014,09:40:04.608,13.81,T,2,13.83,T,7
NTLS,03/03/2014,09:40:04.608,13.81,T,1,13.83,T,7
NTLS,03/03/2014,09:40:04.608,13.8,Z,8,13.83,T,7
NTLS,03/03/2014,09:40:04.609,13.82,P,1,13.83,T,7
NTLS,03/03/2014,09:40:10.671,13.82,P,1,13.83,T,8
NTLS,03/03/2014,09:40:19.294,13.82,P,1,13.83,T,9
NTLS,03/03/2014,09:40:19.294,13.82,P,1,13.83,T,10
NTLS,03/03/2014,09:40:19.294,13.82,P,1,13.83,T,11
NTLS,03/03/2014,09:40:19.295,13.82,P,1,13.82,T,1
NTLS,03/03/2014,09:40:19.295,13.82,P,1,13.82,T,2
NTLS,03/03/2014,09:40:19.295,13.82,P,1,13.82,T,3
NTLS,03/03/2014,09:40:19.296,13.82,P,1,13.82,T,4
NTLS,03/03/2014,09:40:19.298,13.8,Z,8,13.82,T,4
NTLS,03/03/2014,09:40:19.298,13.8,Z,8,13.82,T,3
NTLS,03/03/2014,09:40:19.298,13.8,Z,8,13.82,T,2
NTLS,03/03/2014,09:40:19.298,13.8,Z,8,13.82,T,3
NTLS,03/03/2014,09:40:19.303,13.8,Z,8,13.82,T,4
NTLS,03/03/2014,09:40:19.440,13.8,Z,8,13.82,T,3
NTLS,03/03/2014,09:40:19.450,13.8,Z,8,13.82,T,2
NTLS,03/03/2014,09:40:19.981,13.8,Z,8,13.81,P,2
NTLS,03/03/2014,09:40:20.626,13.8,Z,8,13.81,P,4
NTLS,03/03/2014,09:40:34.889,13.8,Z,8,13.81,P,5
NTLS,03/03/2014,09:40:34.890,13.8,Z,8,13.81,P,4
NTLS,03/03/2014,09:40:34.912,13.8,Z,8,13.81,P,5
NTLS,03/03/2014,09:40:34.914,13.8,Z,8,13.81,P,4
NTLS,03/03/2014,09:40:47.970,13.8,Z,8,13.81,P,1
NTLS,03/03/2014,09:40:47.971,13.8,Z,8,13.81,K,2
NTLS,03/03/2014,09:40:47.971,13.81,T,1,13.81,K,2
NTLS,03/03/2014,09:40:47.971,13.81,T,2,13.81,K,2
NTLS,03/03/2014,09:40:47.971,13.81,T,3,13.81,K,2
NTLS,03/03/2014,09:40:47.971,13.81,T,4,13.81,K,2
NTLS,03/03/2014,09:40:47.971,13.81,T,4,13.81,K,1
NTLS,03/03/2014,09:40:47.971,13.81,T,4,13.82,P,1
NTLS,03/03/2014,09:40:47.972,13.81,T,5,13.82,P,1
NTLS,03/03/2014,09:40:47.972,13.81,T,6,13.82,P,1
NTLS,03/03/2014,09:40:47.974,13.81,T,5,13.82,P,1
NTLS,03/03/2014,09:40:47.975,13.82,T,1,13.82,P,1
NTLS,03/03/2014,09:40:47.975,13.82,T,2,13.82,P,1
NTLS,03/03/2014,09:40:47.976,13.82,T,2,13.86,T,2
NTLS,03/03/2014,09:40:47.976,13.82,T,2,13.84,C,1
NTLS,03/03/2014,09:40:47.976,13.82,T,2,13.86,T,2
NTLS,03/03/2014,09:40:48.068,13.82,T,1,13.86,T,2
NTLS,03/03/2014,09:40:48.068,13.82,P,1,13.86,T,2
NTLS,03/03/2014,09:40:48.069,13.81,T,2,13.86,T,2
NTLS,03/03/2014,09:40:48.076,13.81,T,2,13.86,T,3
NTLS,03/03/2014,09:40:48.118,13.81,T,1,13.86,T,3
NTLS,03/03/2014,09:40:48.118,13.8,Z,8,13.86,T,3
NTLS,03/03/2014,09:40:48.121,13.8,Z,8,13.86,T,4
NTLS,03/03/2014,09:40:48.265,13.8,Z,8,13.85,T,1
NTLS,03/03/2014,09:40:48.265,13.8,Z,8,13.85,T,2
NTLS,03/03/2014,09:40:48.423,13.8,Z,8,13.85,T,3
NTLS,03/03/2014,09:40:53.721,13.8,Z,9,13.85,T,3
NTLS,03/03/2014,09:40:55.671,13.8,Z,9,13.85,T,4
NTLS,03/03/2014,09:40:56.365,13.8,Z,9,13.85,T,5
NTLS,03/03/2014,09:40:56.367,13.8,Z,9,13.85,T,6
NTLS,03/03/2014,09:40:57.941,13.81,T,1,13.85,T,6
NTLS,03/03/2014,09:40:57.941,13.81,T,2,13.85,T,6
NTLS,03/03/2014,09:40:57.946,13.81,T,2,13.85,T,5
NTLS,03/03/2014,09:41:01.198,13.81,T,1,13.85,T,5
NTLS,03/03/2014,09:41:02.650,13.81,T,1,13.85,T,6
NTLS,03/03/2014,09:41:03.952,13.81,Z,1,13.85,T,6
NTLS,03/03/2014,09:41:04.041,13.81,Z,1,13.84,T,1
NTLS,03/03/2014,09:41:04.041,13.8,Z,8,13.84,T,1
NTLS,03/03/2014,09:41:04.041,13.8,Z,8,13.84,T,2
NTLS,03/03/2014,09:41:04.046,13.8,Z,8,13.84,T,3
NTLS,03/03/2014,09:41:04.188,13.8,Z,8,13.84,T,2
NTLS,03/03/2014,09:41:06.503,13.8,Z,11,13.84,T,2
NTLS,03/03/2014,09:41:43.568,13.8,Z,11,13.84,T,3
NTLS,03/03/2014,09:42:02.451,13.8,Z,11,13.84,T,2
NTLS,03/03/2014,09:42:02.451,13.8,Z,11,13.84,T,1
NTLS,03/03/2014,09:42:02.464,13.8,Z,11,13.84,T,2
NTLS,03/03/2014,09:42:02.464,13.8,Z,11,13.84,T,3
NTLS,03/03/2014,09:42:03.587,13.81,T,1,13.84,T,3
NTLS,03/03/2014,09:42:03.587,13.81,T,2,13.84,T,3
NTLS,03/03/2014,09:42:03.593,13.81,T,3,13.84,T,3
NTLS,03/03/2014,09:42:03.597,13.81,T,3,13.84,T,4
NTLS,03/03/2014,09:42:06.404,13.82,T,1,13.84,T,4
NTLS,03/03/2014,09:42:06.404,13.82,T,2,13.84,T,4
NTLS,03/03/2014,09:42:06.404,13.82,T,2,13.84,T,3
NTLS,03/03/2014,09:42:06.407,13.82,T,2,13.84,T,2
NTLS,03/03/2014,09:42:06.407,13.82,T,2,13.83,T,1
NTLS,03/03/2014,09:42:06.408,13.82,T,3,13.83,T,1
NTLS,03/03/2014,09:42:06.418,13.82,T,2,13.83,T,1
NTLS,03/03/2014,09:42:06.785,13.82,T,1,13.83,T,1
NTLS,03/03/2014,09:42:08.528,13.82,T,1,13.84,T,4
NTLS,03/03/2014,09:42:08.528,13.82,T,1,13.84,T,3
NTLS,03/03/2014,09:42:08.528,13.82,T,1,13.84,T,4
NTLS,03/03/2014,09:42:08.531,13.82,T,1,13.84,T,3
NTLS,03/03/2014,09:42:09.291,13.82,T,1,13.84,T,2
NTLS,03/03/2014,09:42:09.292,13.82,T,1,13.83,T,1
NTLS,03/03/2014,09:42:09.591,13.82,T,1,13.84,T,4
NTLS,03/03/2014,09:42:09.591,13.83,T,1,13.84,T,4
NTLS,03/03/2014,09:42:09.591,13.83,T,2,13.84,T,4
NTLS,03/03/2014,09:42:09.591,13.83,T,3,13.84,T,4
NTLS,03/03/2014,09:42:09.591,13.83,T,4,13.84,T,4
NTLS,03/03/2014,09:42:09.591,13.83,T,4,13.84,T,3
NTLS,03/03/2014,09:42:09.595,13.83,T,3,13.84,T,3
NTLS,03/03/2014,09:42:09.595,13.83,T,3,13.84,T,2
NTLS,03/03/2014,09:42:09.597,13.83,T,4,13.84,T,2
NTLS,03/03/2014,09:42:09.597,13.83,T,5,13.84,T,2
NTLS,03/03/2014,09:42:09.690,13.83,T,4,13.84,T,2
NTLS,03/03/2014,09:42:09.741,13.83,T,3,13.84,T,2
NTLS,03/03/2014,09:42:09.800,13.83,T,3,13.84,T,3
NTLS,03/03/2014,09:42:10.049,13.83,T,2,13.84,T,3
NTLS,03/03/2014,09:42:12.853,13.83,T,1,13.84,T,3
NTLS,03/03/2014,09:42:42.819,13.83,P,2,13.84,T,3
NTLS,03/03/2014,09:42:42.819,13.83,P,2,13.84,T,4
NTLS,03/03/2014,09:42:42.819,13.83,P,2,13.84,T,5
NTLS,03/03/2014,09:42:42.819,13.83,P,2,13.84,T,6
NTLS,03/03/2014,09:42:42.819,13.83,P,2,13.84,T,7
NTLS,03/03/2014,09:42:42.820,13.83,P,2,13.83,T,1
NTLS,03/03/2014,09:42:42.820,13.83,P,2,13.83,T,2
NTLS,03/03/2014,09:42:42.820,13.83,P,2,13.83,T,3
NTLS,03/03/2014,09:42:42.820,13.83,P,2,13.83,T,4
NTLS,03/03/2014,09:42:42.820,13.83,P,1,13.83,T,4
NTLS,03/03/2014,09:42:42.820,13.8,Z,11,13.83,T,4
NTLS,03/03/2014,09:42:42.825,13.8,Z,11,13.83,T,3
NTLS,03/03/2014,09:42:42.844,13.8,Z,11,13.83,T,4
NTLS,03/03/2014,09:42:42.844,13.8,Z,11,13.83,T,5
NTLS,03/03/2014,09:42:42.847,13.8,Z,11,13.83,T,6
NTLS,03/03/2014,09:42:42.966,13.8,Z,11,13.83,T,5
NTLS,03/03/2014,09:42:42.966,13.8,Z,11,13.83,T,4
NTLS,03/03/2014,09:42:52.923,13.81,T,1,13.83,T,4
NTLS,03/03/2014,09:42:52.923,13.81,T,2,13.83,T,4
NTLS,03/03/2014,09:42:52.923,13.81,T,2,13.83,T,3
NTLS,03/03/2014,09:42:52.927,13.81,T,2,13.83,T,2
NTLS,03/03/2014,09:42:52.927,13.81,T,2,13.83,T,1
NTLS,03/03/2014,09:42:53.068,13.81,T,2,13.83,T,2
NTLS,03/03/2014,09:42:53.133,13.81,T,2,13.83,T,3
NTLS,03/03/2014,09:42:56.178,13.81,T,1,13.83,T,3
NTLS,03/03/2014,09:42:58.927,13.81,P,1,13.83,T,3
NTLS,03/03/2014,09:42:58.929,13.81,P,1,13.83,T,2
NTLS,03/03/2014,09:42:58.929,13.8,Z,11,13.83,T,2
NTLS,03/03/2014,09:43:00.490,13.8,Z,11,13.83,T,3
NTLS,03/03/2014,09:43:00.490,13.8,Z,11,13.83,T,4
NTLS,03/03/2014,09:43:03.748,13.8,Z,11,13.83,T,3
NTLS,03/03/2014,09:43:19.018,13.8,Z,11,13.83,T,2
NTLS,03/03/2014,09:43:19.020,13.8,Z,11,13.83,T,3
NTLS,03/03/2014,09:43:19.020,13.8,Z,11,13.83,T,4
NTLS,03/03/2014,09:43:20.063,13.8,Z,11,13.83,T,5
NTLS,03/03/2014,09:43:30.275,13.8,Z,11,13.83,T,6
NTLS,03/03/2014,09:43:50.583,13.8,Z,11,13.83,T,5
NTLS,03/03/2014,09:43:50.584,13.8,Z,11,13.83,T,4
NTLS,03/03/2014,09:43:50.608,13.8,Z,11,13.83,T,3
NTLS,03/03/2014,09:43:52.883,13.8,Z,11,13.83,T,4
NTLS,03/03/2014,09:43:52.883,13.8,Z,11,13.83,T,5
NTLS,03/03/2014,09:43:56.139,13.8,Z,11,13.83,T,4
NTLS,03/03/2014,09:44:06.417,13.8,Z,11,13.83,T,5
NTLS,03/03/2014,09:44:06.417,13.8,Z,11,13.83,T,6
NTLS,03/03/2014,09:44:09.672,13.8,Z,11,13.83,T,5
NTLS,03/03/2014,09:44:13.457,13.8,Z,11,13.83,T,6
NTLS,03/03/2014,09:44:13.457,13.8,Z,11,13.83,T,7
NTLS,03/03/2014,09:44:13.975,13.8,Z,11,13.82,T,1
NTLS,03/03/2014,09:44:13.975,13.8,Z,11,13.82,T,2
NTLS,03/03/2014,09:44:13.975,13.8,Z,11,13.82,T,3
NTLS,03/03/2014,09:44:13.976,13.8,Z,11,13.82,T,4
NTLS,03/03/2014,09:44:13.976,13.8,Z,11,13.81,T,1
NTLS,03/03/2014,09:44:13.976,13.8,Z,10,13.81,T,1
NTLS,03/03/2014,09:44:13.976,13.8,Z,8,13.81,T,1
NTLS,03/03/2014,09:44:13.976,13.8,Z,7,13.81,T,1
NTLS,03/03/2014,09:44:13.976,13.8,K,1,13.81,T,1
NTLS,03/03/2014,09:44:13.977,13.78,P,1,13.81,T,1
NTLS,03/03/2014,09:44:13.977,13.78,P,1,13.8,Z,1
NTLS,03/03/2014,09:44:13.977,13.78,P,1,13.81,K,1
NTLS,03/03/2014,09:44:13.977,13.78,P,1,13.82,K,1
NTLS,03/03/2014,09:44:13.978,13.78,P,1,13.83,T,6
NTLS,03/03/2014,09:44:13.978,13.78,P,1,13.83,T,5
NTLS,03/03/2014,09:44:13.978,13.78,P,1,13.83,T,4
NTLS,03/03/2014,09:44:13.980,13.78,P,1,13.82,P,1
NTLS,03/03/2014,09:44:13.990,13.78,P,1,13.82,P,2
NTLS,03/03/2014,09:44:13.991,13.78,P,1,13.82,P,1
NTLS,03/03/2014,09:44:14.017,13.78,P,1,13.82,P,2
NTLS,03/03/2014,09:44:14.019,13.78,P,1,13.82,P,3
NTLS,03/03/2014,09:44:14.021,13.78,P,1,13.82,P,2
NTLS,03/03/2014,09:44:14.056,13.78,P,1,13.8,T,1
NTLS,03/03/2014,09:44:14.056,13.78,P,1,13.8,T,2
NTLS,03/03/2014,09:44:14.319,13.78,P,1,13.79,T,1
NTLS,03/03/2014,09:44:14.319,13.78,P,1,13.79,T,2
NTLS,03/03/2014,09:44:14.319,13.76,X,3,13.79,T,2
NTLS,03/03/2014,09:44:14.331,13.76,X,3,13.79,T,3
NTLS,03/03/2014,09:44:15.093,13.75,T,1,13.79,T,3
NTLS,03/03/2014,09:44:18.188,13.75,P,1,13.79,T,3
NTLS,03/03/2014,09:44:18.190,13.73,T,3,13.79,T,3
NTLS,03/03/2014,09:44:18.195,13.73,T,3,13.79,T,4
NTLS,03/03/2014,09:44:18.197,13.73,T,3,13.79,T,3
NTLS,03/03/2014,09:44:18.269,13.73,T,3,13.78,B,1
NTLS,03/03/2014,09:44:18.269,13.74,Z,1,13.78,B,1
NTLS,03/03/2014,09:44:21.645,13.74,Z,1,13.77,P,1
NTLS,03/03/2014,09:44:22.110,13.73,P,3,13.77,P,1
NTLS,03/03/2014,09:44:22.126,13.73,P,3,13.77,P,2
NTLS,03/03/2014,09:44:22.127,13.73,P,3,13.77,P,1
NTLS,03/03/2014,09:44:22.154,13.73,P,3,13.77,P,2
NTLS,03/03/2014,09:44:22.155,13.73,P,3,13.77,P,1
NTLS,03/03/2014,09:44:22.189,13.73,P,3,13.76,T,1
NTLS,03/03/2014,09:44:22.189,13.73,P,3,13.76,T,2
NTLS,03/03/2014,09:44:22.808,13.74,T,1,13.76,T,2
NTLS,03/03/2014,09:44:22.808,13.74,T,1,13.76,T,1
NTLS,03/03/2014,09:44:22.816,13.74,T,1,13.76,T,2
NTLS,03/03/2014,09:44:22.839,13.74,T,1,13.76,T,1
NTLS,03/03/2014,09:44:24.247,13.74,T,1,13.76,T,2
NTLS,03/03/2014,09:44:26.995,13.74,T,2,13.76,T,2
NTLS,03/03/2014,09:44:28.818,13.74,T,1,13.76,T,2
NTLS,03/03/2014,09:44:28.820,13.74,T,1,13.76,T,1
NTLS,03/03/2014,09:44:30.032,13.74,T,2,13.76,T,1
NTLS,03/03/2014,09:44:30.032,13.74,T,3,13.76,T,1
NTLS,03/03/2014,09:44:33.288,13.74,T,2,13.76,T,1
NTLS,03/03/2014,09:44:36.801,13.74,T,2,13.76,K,2
NTLS,03/03/2014,09:44:36.801,13.75,T,1,13.76,K,2
NTLS,03/03/2014,09:44:36.801,13.75,T,2,13.76,K,2
NTLS,03/03/2014,09:44:36.801,13.75,T,2,13.76,P,1
NTLS,03/03/2014,09:44:36.801,13.75,T,3,13.76,P,1
NTLS,03/03/2014,09:44:36.801,13.75,T,4,13.76,P,1
NTLS,03/03/2014,09:44:36.801,13.75,T,5,13.76,P,1
NTLS,03/03/2014,09:44:36.801,13.75,T,6,13.76,P,1
NTLS,03/03/2014,09:44:36.801,13.76,T,1,13.76,P,1
NTLS,03/03/2014,09:44:36.801,13.76,T,2,13.76,P,1
NTLS,03/03/2014,09:44:36.802,13.76,T,2,13.77,T,1
NTLS,03/03/2014,09:44:36.803,13.76,T,3,13.77,T,1
NTLS,03/03/2014,09:44:36.803,13.76,T,4,13.77,T,1
NTLS,03/03/2014,09:44:36.804,13.76,T,4,13.77,Z,1
NTLS,03/03/2014,09:44:36.804,13.76,T,5,13.77,Z,1
NTLS,03/03/2014,09:44:36.804,13.76,T,6,13.77,Z,1
NTLS,03/03/2014,09:44:36.805,13.76,T,6,13.77,T,1
NTLS,03/03/2014,09:44:36.809,13.76,T,5,13.77,T,1
NTLS,03/03/2014,09:44:36.809,13.76,T,4,13.77,T,1
NTLS,03/03/2014,09:44:36.822,13.76,T,3,13.77,T,1
NTLS,03/03/2014,09:44:36.856,13.76,T,3,13.77,T,2
NTLS,03/03/2014,09:44:36.860,13.76,T,3,13.77,T,1
NTLS,03/03/2014,09:44:39.043,13.76,T,4,13.77,T,1
NTLS,03/03/2014,09:44:39.043,13.76,T,5,13.77,T,1
NTLS,03/03/2014,09:44:43.064,13.76,T,6,13.77,T,1
NTLS,03/03/2014,09:44:45.371,13.76,T,7,13.77,T,1
NTLS,03/03/2014,09:44:45.560,13.76,T,6,13.77,T,1
NTLS,03/03/2014,09:44:45.560,13.76,T,5,13.77,T,1
NTLS,03/03/2014,09:44:45.715,13.76,T,5,13.78,Z,2
NTLS,03/03/2014,09:44:45.715,13.76,T,6,13.78,Z,2
NTLS,03/03/2014,09:44:45.715,13.76,T,7,13.78,Z,2
NTLS,03/03/2014,09:44:45.715,13.76,T,8,13.78,Z,2
NTLS,03/03/2014,09:44:45.715,13.77,T,1,13.78,Z,2
NTLS,03/03/2014,09:44:45.715,13.77,T,2,13.78,Z,2
NTLS,03/03/2014,09:44:45.715,13.77,T,1,13.78,Z,2
NTLS,03/03/2014,09:44:45.715,13.76,T,8,13.78,Z,2
NTLS,03/03/2014,09:44:45.719,13.77,T,1,13.78,Z,2
NTLS,03/03/2014,09:44:46.963,13.77,T,1,13.78,Z,1
NTLS,03/03/2014,09:45:00.406,13.77,T,2,13.78,Z,1
NTLS,03/03/2014,09:45:00.406,13.77,T,3,13.78,Z,1
NTLS,03/03/2014,09:45:00.836,13.77,T,4,13.78,Z,1
NTLS,03/03/2014,09:45:00.836,13.77,T,5,13.78,Z,1
NTLS,03/03/2014,09:45:00.836,13.77,T,6,13.78,Z,1
NTLS,03/03/2014,09:45:00.836,13.77,T,7,13.78,Z,1
NTLS,03/03/2014,09:45:00.837,13.77,T,7,13.78,P,1
NTLS,03/03/2014,09:45:00.837,13.78,T,1,13.78,P,1
NTLS,03/03/2014,09:45:00.837,13.78,T,2,13.78,P,1
NTLS,03/03/2014,09:45:00.837,13.78,T,3,13.78,P,1
NTLS,03/03/2014,09:45:00.837,13.78,T,4,13.78,P,1
NTLS,03/03/2014,09:45:00.837,13.78,T,5,13.78,P,1
NTLS,03/03/2014,09:45:00.837,13.78,T,5,13.83,W,4
NTLS,03/03/2014,09:45:00.838,13.78,T,4,13.83,W,4
NTLS,03/03/2014,09:45:00.842,13.78,T,6,13.83,W,4
NTLS,03/03/2014,09:45:00.846,13.78,T,7,13.83,W,4
NTLS,03/03/2014,09:45:00.850,13.78,T,5,13.83,W,4
NTLS,03/03/2014,09:45:00.852,13.78,T,4,13.83,W,4
NTLS,03/03/2014,09:45:00.862,13.78,T,3,13.83,W,4
NTLS,03/03/2014,09:45:00.888,13.78,T,4,13.83,W,4
NTLS,03/03/2014,09:45:00.969,13.78,T,4,13.82,T,1
NTLS,03/03/2014,09:45:00.969,13.78,T,4,13.82,T,2
NTLS,03/03/2014,09:45:00.982,13.78,T,3,13.82,T,2
NTLS,03/03/2014,09:45:01.399,13.78,T,3,13.82,T,3
NTLS,03/03/2014,09:45:02.524,13.78,T,4,13.82,T,3
NTLS,03/03/2014,09:45:04.942,13.78,T,6,13.82,T,3
NTLS,03/03/2014,09:45:06.068,13.78,T,5,13.82,T,3
NTLS,03/03/2014,09:45:06.070,13.78,T,6,13.82,T,3
NTLS,03/03/2014,09:45:06.075,13.78,T,4,13.82,T,3
NTLS,03/03/2014,09:45:06.078,13.78,T,3,13.82,T,3
NTLS,03/03/2014,09:45:10.992,13.78,T,2,13.82,T,3
NTLS,03/03/2014,09:45:15.458,13.78,T,3,13.82,T,3
NTLS,03/03/2014,09:45:15.459,13.78,T,4,13.82,T,3
NTLS,03/03/2014,09:45:15.459,13.78,T,5,13.82,T,3
NTLS,03/03/2014,09:45:15.503,13.78,T,5,13.82,T,2
NTLS,03/03/2014,09:45:15.503,13.78,T,5,13.82,T,1
NTLS,03/03/2014,09:45:21.367,13.78,T,7,13.82,T,1
NTLS,03/03/2014,09:45:21.431,13.78,T,7,13.81,T,1
NTLS,03/03/2014,09:45:21.436,13.78,T,5,13.81,T,1
NTLS,03/03/2014,09:45:33.226,13.78,T,5,13.81,T,2
NTLS,03/03/2014,09:45:33.226,13.78,T,5,13.81,T,3
NTLS,03/03/2014,09:45:36.485,13.78,T,5,13.81,T,2
NTLS,03/03/2014,09:45:37.175,13.78,T,4,13.81,T,2
NTLS,03/03/2014,09:45:53.062,13.79,T,1,13.81,T,2
NTLS,03/03/2014,09:45:53.062,13.79,T,2,13.81,T,2
NTLS,03/03/2014,09:45:53.067,13.79,T,3,13.81,T,2
NTLS,03/03/2014,09:45:53.068,13.79,T,3,13.81,T,1
NTLS,03/03/2014,09:45:59.064,13.79,T,2,13.81,T,1
NTLS,03/03/2014,09:46:04.227,13.79,T,3,13.81,T,1
NTLS,03/03/2014,09:46:08.312,13.79,T,2,13.81,T,1
NTLS,03/03/2014,09:46:11.289,13.79,T,2,13.81,T,2
NTLS,03/03/2014,09:46:11.289,13.79,T,2,13.81,T,3
NTLS,03/03/2014,09:46:14.172,13.79,T,2,13.8,Z,1
NTLS,03/03/2014,09:46:14.258,13.79,T,1,13.8,Z,1
NTLS,03/03/2014,09:46:14.258,13.79,Z,2,13.8,Z,1
NTLS,03/03/2014,09:46:17.837,13.79,Z,1,13.8,Z,1
NTLS,03/03/2014,09:46:20.005,13.79,Z,1,13.8,Z,2
NTLS,03/03/2014,09:46:22.769,13.79,Z,1,13.8,Z,1
NTLS,03/03/2014,09:46:22.852,13.79,T,1,13.8,Z,1
NTLS,03/03/2014,09:46:22.852,13.78,P,1,13.8,Z,1
NTLS,03/03/2014,09:46:22.852,13.78,P,1,13.79,T,1
NTLS,03/03/2014,09:46:22.852,13.78,P,1,13.79,T,2
NTLS,03/03/2014,09:46:22.858,13.78,P,1,13.79,T,1
NTLS,03/03/2014,09:46:22.859,13.78,P,1,13.8,J,1
NTLS,03/03/2014,09:46:22.863,13.78,P,1,13.79,Z,4
NTLS,03/03/2014,09:46:22.867,13.78,P,1,13.8,J,1
NTLS,03/03/2014,09:46:35.167,13.78,P,1,13.79,T,1
NTLS,03/03/2014,09:46:35.176,13.78,P,1,13.8,Z,4
NTLS,03/03/2014,09:46:42.261,13.78,C,1,13.8,Z,4
NTLS,03/03/2014,09:46:43.633,13.79,T,1,13.8,Z,4
NTLS,03/03/2014,09:46:43.633,13.79,T,2,13.8,Z,4
NTLS,03/03/2014,09:46:43.633,13.79,T,3,13.8,Z,4
NTLS,03/03/2014,09:46:43.633,13.79,T,4,13.8,Z,4
NTLS,03/03/2014,09:46:43.637,13.79,T,3,13.8,Z,4
NTLS,03/03/2014,09:46:43.637,13.79,T,2,13.8,Z,4
NTLS,03/03/2014,09:46:43.781,13.79,T,1,13.8,Z,4
NTLS,03/03/2014,09:46:43.781,13.79,Z,1,13.8,Z,4
NTLS,03/03/2014,09:46:44.519,13.79,Z,1,13.79,T,1
NTLS,03/03/2014,09:46:44.519,13.78,C,1,13.79,T,1
NTLS,03/03/2014,09:46:44.519,13.78,C,1,13.79,T,2
NTLS,03/03/2014,09:46:44.519,13.78,C,1,13.79,T,3
NTLS,03/03/2014,09:46:44.519,13.78,C,1,13.79,T,4
NTLS,03/03/2014,09:46:44.519,13.78,C,1,13.79,T,5
NTLS,03/03/2014,09:46:44.519,13.78,C,1,13.79,T,6
NTLS,03/03/2014,09:46:44.519,13.78,C,1,13.79,T,7
NTLS,03/03/2014,09:46:44.519,13.78,C,1,13.79,T,6
NTLS,03/03/2014,09:46:44.519,13.78,C,1,13.79,T,5
NTLS,03/03/2014,09:46:44.520,13.77,P,1,13.79,T,5
NTLS,03/03/2014,09:46:44.521,13.77,Z,1,13.79,T,5
NTLS,03/03/2014,09:46:44.528,13.77,Z,1,13.79,T,4
NTLS,03/03/2014,09:46:44.615,13.77,Z,1,13.79,T,3
NTLS,03/03/2014,09:46:44.665,13.77,Z,1,13.79,T,2
NTLS,03/03/2014,09:46:44.954,13.75,C,1,13.79,T,2
NTLS,03/03/2014,09:46:44.971,13.75,C,1,13.79,T,3
NTLS,03/03/2014,09:46:54.389,13.75,C,1,13.79,T,2
NTLS,03/03/2014,09:46:55.255,13.75,T,2,13.79,T,2
NTLS,03/03/2014,09:46:57.645,13.75,T,1,13.79,T,2
NTLS,03/03/2014,09:47:02.959,13.75,T,1,13.79,T,1
NTLS,03/03/2014,09:47:02.959,13.75,T,1,13.79,P,2
NTLS,03/03/2014,09:47:02.971,13.75,T,1,13.79,P,1
NTLS,03/03/2014,09:47:03.400,13.75,T,1,13.79,P,2
NTLS,03/03/2014,09:47:08.332,13.75,T,3,13.79,P,2
NTLS,03/03/2014,09:47:08.333,13.75,T,4,13.79,P,2
NTLS,03/03/2014,09:47:08.333,13.75,T,5,13.79,P,2
NTLS,03/03/2014,09:47:09.128,13.75,T,5,13.79,P,3
NTLS,03/03/2014,09:47:19.263,13.75,T,5,13.79,P,4
NTLS,03/03/2014,09:47:22.654,13.75,T,5,13.79,P,5
NTLS,03/03/2014,09:47:22.655,13.75,T,5,13.79,P,4
NTLS,03/03/2014,09:47:22.675,13.75,T,5,13.79,P,5
NTLS,03/03/2014,09:47:22.677,13.75,T,5,13.79,P,4
NTLS,03/03/2014,09:47:22.707,13.75,T,5,13.78,T,1
NTLS,03/03/2014,09:47:22.707,13.75,T,5,13.78,T,2
NTLS,03/03/2014,09:47:22.709,13.75,T,5,13.78,T,3
NTLS,03/03/2014,09:47:22.712,13.75,T,3,13.78,T,3
NTLS,03/03/2014,09:47:22.713,13.75,T,3,13.78,T,4
NTLS,03/03/2014,09:47:28.030,13.75,T,3,13.78,T,5
NTLS,03/03/2014,09:47:31.659,13.75,T,3,13.77,T,1
NTLS,03/03/2014,09:47:31.659,13.75,T,3,13.77,T,2
NTLS,03/03/2014,09:47:31.659,13.75,T,2,13.77,T,2
NTLS,03/03/2014,09:47:31.659,13.75,T,1,13.77,T,2
NTLS,03/03/2014,09:47:32.401,13.75,T,1,13.77,T,3
NTLS,03/03/2014,09:47:37.841,13.75,T,1,13.77,T,2
NTLS,03/03/2014,09:47:37.841,13.75,T,1,13.77,T,1
NTLS,03/03/2014,09:47:37.841,13.75,T,1,13.77,P,1
NTLS,03/03/2014,09:47:37.841,13.76,T,1,13.77,P,1
NTLS,03/03/2014,09:47:37.841,13.76,T,2,13.77,P,1
NTLS,03/03/2014,09:47:37.841,13.76,T,3,13.77,P,1
NTLS,03/03/2014,09:47:37.841,13.77,T,1,13.77,P,1
NTLS,03/03/2014,09:47:37.842,13.77,T,2,13.77,P,1
NTLS,03/03/2014,09:47:37.842,13.77,T,1,13.77,P,1
NTLS,03/03/2014,09:47:37.842,13.77,T,1,13.78,T,4
NTLS,03/03/2014,09:47:37.847,13.77,T,1,13.78,T,3
NTLS,03/03/2014,09:47:37.856,13.77,T,1,13.78,T,4
NTLS,03/03/2014,09:47:37.883,13.77,T,1,13.78,T,3
NTLS,03/03/2014,09:47:37.896,13.77,P,2,13.78,T,3
NTLS,03/03/2014,09:47:37.896,13.77,P,2,13.78,T,4
NTLS,03/03/2014,09:47:37.897,13.77,P,2,13.78,T,5
NTLS,03/03/2014,09:47:37.897,13.77,P,2,13.78,T,6
NTLS,03/03/2014,09:47:37.897,13.77,P,2,13.77,T,1
NTLS,03/03/2014,09:47:37.897,13.77,P,2,13.77,T,2
NTLS,03/03/2014,09:47:37.898,13.77,P,2,13.77,T,3
NTLS,03/03/2014,09:47:37.898,13.77,P,2,13.77,T,4
NTLS,03/03/2014,09:47:37.898,13.77,P,1,13.77,T,4
NTLS,03/03/2014,09:47:37.899,13.76,T,5,13.77,T,4
NTLS,03/03/2014,09:47:37.900,13.76,T,4,13.77,T,4
NTLS,03/03/2014,09:47:37.904,13.76,T,4,13.77,T,3
NTLS,03/03/2014,09:47:37.957,13.76,T,4,13.77,T,4
NTLS,03/03/2014,09:47:37.957,13.76,T,3,13.77,T,4
NTLS,03/03/2014,09:47:37.996,13.76,T,2,13.77,T,4
NTLS,03/03/2014,09:47:37.996,13.76,T,1,13.77,T,4
NTLS,03/03/2014,09:47:37.996,13.76,T,1,13.77,T,3
NTLS,03/03/2014,09:47:38.046,13.76,T,1,13.77,T,2
NTLS,03/03/2014,09:47:48.800,13.76,T,1,13.77,T,1
NTLS,03/03/2014,09:47:48.800,13.76,T,2,13.77,T,1
NTLS,03/03/2014,09:47:48.800,13.76,T,2,13.78,T,5
NTLS,03/03/2014,09:47:48.800,13.76,T,2,13.77,T,1
NTLS,03/03/2014,09:47:48.800,13.76,T,2,13.78,T,5
NTLS,03/03/2014,09:47:48.800,13.77,Z,1,13.78,T,5
NTLS,03/03/2014,09:47:48.801,13.76,T,2,13.78,T,5
NTLS,03/03/2014,09:47:48.803,13.76,T,1,13.78,T,5
NTLS,03/03/2014,09:47:48.804,13.76,T,1,13.78,T,3
NTLS,03/03/2014,09:47:48.806,13.77,T,1,13.78,T,3
NTLS,03/03/2014,09:47:48.842,13.77,T,1,13.78,T,4
NTLS,03/03/2014,09:47:48.842,13.77,T,1,13.78,T,5
NTLS,03/03/2014,09:47:48.842,13.77,T,1,13.78,T,6
NTLS,03/03/2014,09:47:48.874,13.77,T,1,13.78,T,7
NTLS,03/03/2014,09:47:48.884,13.76,P,1,13.78,T,7
NTLS,03/03/2014,09:47:48.884,13.76,P,1,13.77,T,1
NTLS,03/03/2014,09:47:48.884,13.76,P,1,13.77,T,2
NTLS,03/03/2014,09:47:48.884,13.76,P,1,13.77,T,3
NTLS,03/03/2014,09:47:48.884,13.76,P,1,13.77,T,4
NTLS,03/03/2014,09:47:48.884,13.76,P,1,13.77,T,5
NTLS,03/03/2014,09:47:48.886,13.75,Z,1,13.77,T,5
NTLS,03/03/2014,09:47:48.890,13.75,Z,1,13.77,T,4
NTLS,03/03/2014,09:47:48.922,13.75,Z,1,13.77,T,6
NTLS,03/03/2014,09:47:48.937,13.75,Z,1,13.77,T,7
NTLS,03/03/2014,09:47:48.973,13.75,Z,1,13.77,T,6
NTLS,03/03/2014,09:47:49.033,13.75,Z,1,13.77,T,5
NTLS,03/03/2014,09:47:51.274,13.75,Z,1,13.76,T,1
NTLS,03/03/2014,09:47:51.274,13.75,Z,1,13.76,T,2
NTLS,03/03/2014,09:47:51.293,13.75,Z,1,13.76,T,1
NTLS,03/03/2014,09:47:51.338,13.73,T,3,13.76,T,1
NTLS,03/03/2014,09:47:51.338,13.73,T,3,13.76,T,2
NTLS,03/03/2014,09:47:51.338,13.73,T,3,13.76,T,3
NTLS,03/03/2014,09:47:51.338,13.73,T,3,13.75,Z,1
NTLS,03/03/2014,09:47:51.435,13.73,T,3,13.75,K,4
NTLS,03/03/2014,09:47:57.866,13.73,T,4,13.75,K,4
NTLS,03/03/2014,09:47:57.866,13.73,T,5,13.75,K,4
NTLS,03/03/2014,09:47:57.866,13.73,T,6,13.75,K,4
NTLS,03/03/2014,09:47:57.867,13.74,T,1,13.75,K,4
NTLS,03/03/2014,09:47:57.867,13.74,T,2,13.75,K,4
NTLS,03/03/2014,09:47:57.867,13.74,T,3,13.75,K,4
NTLS,03/03/2014,09:47:57.867,13.74,T,4,13.75,K,4
NTLS,03/03/2014,09:47:57.868,13.74,T,4,13.75,K,3
NTLS,03/03/2014,09:47:57.868,13.74,T,4,13.75,P,1
NTLS,03/03/2014,09:47:57.869,13.75,K,1,13.75,P,1
NTLS,03/03/2014,09:47:57.869,13.75,K,1,13.76,K,1
NTLS,03/03/2014,09:47:57.869,13.75,T,1,13.76,K,1
NTLS,03/03/2014,09:47:57.870,13.74,T,4,13.76,K,1
NTLS,03/03/2014,09:47:57.870,13.74,T,3,13.76,K,1
NTLS,03/03/2014,09:47:57.871,13.74,T,2,13.76,K,1
NTLS,03/03/2014,09:47:57.871,13.74,T,1,13.76,K,1
NTLS,03/03/2014,09:47:57.871,13.74,P,1,13.76,K,1
NTLS,03/03/2014,09:47:57.873,13.73,T,4,13.76,K,1
NTLS,03/03/2014,09:47:57.875,13.73,T,4,13.77,T,4
NTLS,03/03/2014,09:47:57.880,13.73,T,6,13.77,T,4
NTLS,03/03/2014,09:47:57.880,13.73,T,7,13.77,T,4
NTLS,03/03/2014,09:47:57.880,13.73,T,7,13.77,T,3
NTLS,03/03/2014,09:47:57.882,13.73,T,5,13.77,T,3
NTLS,03/03/2014,09:47:57.982,13.73,T,6,13.77,T,3
NTLS,03/03/2014,09:48:13.145,13.73,T,8,13.77,T,3
NTLS,03/03/2014,09:48:16.586,13.73,T,6,13.77,T,3
NTLS,03/03/2014,09:48:16.806,13.73,T,5,13.77,T,3
NTLS,03/03/2014,09:48:22.159,13.73,T,5,13.77,T,4
NTLS,03/03/2014,09:48:24.482,13.73,T,5,13.77,T,3
NTLS,03/03/2014,09:48:24.762,13.73,T,5,13.76,T,1
NTLS,03/03/2014,09:48:24.781,13.73,T,5,13.76,T,2
NTLS,03/03/2014,09:48:29.288,13.73,T,5,13.76,T,1
NTLS,03/03/2014,09:48:32.007,13.73,T,4,13.76,T,1
NTLS,03/03/2014,09:48:42.022,13.73,T,5,13.76,T,1
NTLS,03/03/2014,09:48:42.023,13.73,T,6,13.76,T,1
NTLS,03/03/2014,09:48:43.893,13.73,T,5,13.76,T,1
NTLS,03/03/2014,09:48:46.174,13.73,T,5,13.76,T,2
NTLS,03/03/2014,09:48:54.868,13.74,T,1,13.76,T,2
NTLS,03/03/2014,09:48:54.978,13.74,T,1,13.76,T,1
NTLS,03/03/2014,09:48:57.097,13.75,T,1,13.76,T,1
NTLS,03/03/2014,09:48:57.097,13.75,T,2,13.76,T,1
NTLS,03/03/2014,09:48:57.109,13.75,T,2,13.77,T,3
NTLS,03/03/2014,09:48:57.119,13.75,T,2,13.77,T,1
NTLS,03/03/2014,09:48:57.119,13.75,T,2,13.77,T,2
NTLS,03/03/2014,09:48:57.319,13.75,T,1,13.77,T,2
NTLS,03/03/2014,09:48:58.115,13.75,T,1,13.77,T,3
NTLS,03/03/2014,09:49:00.880,13.75,T,1,13.77,T,2
NTLS,03/03/2014,09:49:00.880,13.75,T,1,13.77,T,1
NTLS,03/03/2014,09:49:00.880,13.75,T,1,13.77,K,2
NTLS,03/03/2014,09:49:00.881,13.76,T,1,13.77,K,2
NTLS,03/03/2014,09:49:00.881,13.76,T,2,13.77,K,2
NTLS,03/03/2014,09:49:00.881,13.76,T,3,13.77,K,2
NTLS,03/03/2014,09:49:00.881,13.76,T,3,13.77,P,1
NTLS,03/03/2014,09:49:00.974,13.76,T,2,13.77,P,1
NTLS,03/03/2014,09:49:01.035,13.76,T,1,13.77,P,1
NTLS,03/03/2014,09:49:01.035,13.76,P,3,13.77,P,1
NTLS,03/03/2014,09:49:30.015,13.77,T,1,13.77,P,1
NTLS,03/03/2014,09:49:30.015,13.77,T,2,13.77,P,1
NTLS,03/03/2014,09:49:30.015,13.77,T,3,13.77,P,1
NTLS,03/03/2014,09:49:30.016,13.77,T,3,13.78,Z,1
NTLS,03/03/2014,09:49:30.069,13.77,T,2,13.78,Z,1
NTLS,03/03/2014,09:49:32.273,13.77,T,1,13.78,Z,1
NTLS,03/03/2014,09:49:32.273,13.77,P,3,13.78,Z,1
NTLS,03/03/2014,09:49:33.874,13.77,P,2,13.78,Z,1
NTLS,03/03/2014,09:49:33.875,13.77,Z,2,13.78,Z,1
NTLS,03/03/2014,09:49:41.527,13.77,Z,2,13.78,T,4
NTLS,03/03/2014,09:49:47.402,13.77,Z,1,13.78,T,4
NTLS,03/03/2014,09:49:47.402,13.77,Z,1,13.77,T,1
NTLS,03/03/2014,09:49:47.402,13.77,Z,1,13.77,T,2
NTLS,03/03/2014,09:49:47.403,13.75,P,1,13.77,T,2
NTLS,03/03/2014,09:49:47.433,13.75,P,1,13.77,T,1
NTLS,03/03/2014,09:49:47.433,13.75,P,1,13.77,Z,1
NTLS,03/03/2014,09:49:47.433,13.75,P,1,13.77,P,1
NTLS,03/03/2014,09:49:47.435,13.75,P,1,13.76,T,1
NTLS,03/03/2014,09:49:47.436,13.75,P,1,13.76,T,2
NTLS,03/03/2014,09:49:47.436,13.73,T,5,13.76,T,2
NTLS,03/03/2014,09:49:47.437,13.73,T,5,13.75,T,1
NTLS,03/03/2014,09:49:47.437,13.73,T,5,13.75,T,2
NTLS,03/03/2014,09:49:47.437,13.73,T,5,13.75,T,3
NTLS,03/03/2014,09:49:47.437,13.73,T,5,13.75,T,4
NTLS,03/03/2014,09:49:47.437,13.73,T,5,13.75,T,3
NTLS,03/03/2014,09:49:47.437,13.73,T,5,13.75,T,2
NTLS,03/03/2014,09:49:47.438,13.73,T,5,13.75,T,1
NTLS,03/03/2014,09:49:47.438,13.73,T,5,13.76,P,1
NTLS,03/03/2014,09:49:47.439,13.73,T,5,13.77,P,1
NTLS,03/03/2014,09:49:47.439,13.73,T,7,13.77,P,1
NTLS,03/03/2014,09:49:47.440,13.73,T,8,13.77,P,1
NTLS,03/03/2014,09:49:47.441,13.73,T,6,13.77,P,1
NTLS,03/03/2014,09:49:47.441,13.73,T,6,13.76,P,1
NTLS,03/03/2014,09:49:47.442,13.73,T,7,13.76,P,1
NTLS,03/03/2014,09:49:47.443,13.73,T,6,13.76,P,1
NTLS,03/03/2014,09:49:47.446,13.73,T,7,13.76,P,1
NTLS,03/03/2014,09:49:47.447,13.73,T,6,13.76,P,1
NTLS,03/03/2014,09:49:47.987,13.73,T,6,13.76,P,2
NTLS,03/03/2014,09:49:47.988,13.73,T,6,13.76,P,1
NTLS,03/03/2014,09:49:48.562,13.73,T,5,13.76,P,1
NTLS,03/03/2014,09:49:50.485,13.73,T,6,13.76,P,1
NTLS,03/03/2014,09:49:50.485,13.73,T,7,13.76,P,1
NTLS,03/03/2014,09:49:51.277,13.73,T,6,13.76,P,1
NTLS,03/03/2014,09:49:53.743,13.73,T,5,13.76,P,1
NTLS,03/03/2014,09:50:00.169,13.73,T,6,13.76,P,1
NTLS,03/03/2014,09:50:01.416,13.73,T,5,13.76,P,1
NTLS,03/03/2014,09:50:03.425,13.73,T,4,13.76,P,1
NTLS,03/03/2014,09:50:16.980,13.74,T,1,13.76,P,1
NTLS,03/03/2014,09:50:16.980,13.74,T,2,13.76,P,1
NTLS,03/03/2014,09:50:20.237,13.74,T,1,13.76,P,1
NTLS,03/03/2014,09:50:20.368,13.74,T,1,13.76,P,2
NTLS,03/03/2014,09:50:22.988,13.74,K,3,13.76,P,2
NTLS,03/03/2014,09:50:23.235,13.74,K,3,13.75,T,1
NTLS,03/03/2014,09:50:23.235,13.74,Z,2,13.75,T,1
NTLS,03/03/2014,09:50:23.235,13.74,Z,2,13.75,T,2
NTLS,03/03/2014,09:50:23.235,13.73,P,4,13.75,T,2
NTLS,03/03/2014,09:50:23.235,13.73,P,4,13.75,T,1
NTLS,03/03/2014,09:50:23.236,13.73,P,4,13.74,T,1
NTLS,03/03/2014,09:50:23.236,13.73,P,4,13.76,Z,4
NTLS,03/03/2014,09:50:23.236,13.73,P,4,13.74,T,1
NTLS,03/03/2014,09:50:23.236,13.74,P,3,13.74,T,1
NTLS,03/03/2014,09:50:23.236,13.73,P,7,13.74,T,1
NTLS,03/03/2014,09:50:23.237,13.74,P,3,13.74,T,1
NTLS,03/03/2014,09:50:23.237,13.74,P,3,13.74,T,2
NTLS,03/03/2014,09:50:23.237,13.74,P,3,13.74,T,1
NTLS,03/03/2014,09:50:23.238,13.73,T,4,13.74,T,1
NTLS,03/03/2014,09:50:23.245,13.73,T,5,13.74,T,1
NTLS,03/03/2014,09:50:23.246,13.73,T,4,13.74,T,1
NTLS,03/03/2014,09:50:23.851,13.73,T,4,13.75,T,2
NTLS,03/03/2014,09:50:23.851,13.73,T,4,13.75,T,1
NTLS,03/03/2014,09:50:23.851,13.74,Z,3,13.75,T,1
NTLS,03/03/2014,09:50:23.851,13.74,Z,4,13.75,T,1
NTLS,03/03/2014,09:50:27.107,13.74,Z,3,13.75,T,1
NTLS,03/03/2014,09:50:27.107,13.73,T,4,13.75,T,1
NTLS,03/03/2014,09:50:27.109,13.74,Z,1,13.75,T,1
NTLS,03/03/2014,09:50:27.109,13.74,Z,4,13.75,T,1
NTLS,03/03/2014,09:50:27.202,13.74,Z,4,13.76,Z,4
NTLS,03/03/2014,09:50:27.202,13.75,T,1,13.76,Z,4
NTLS,03/03/2014,09:50:27.267,13.75,P,7,13.76,Z,4
NTLS,03/03/2014,09:50:37.650,13.75,P,7,13.76,Z,5
NTLS,03/03/2014,09:51:07.267,13.75,P,8,13.76,Z,5
NTLS,03/03/2014,09:51:12.010,13.75,P,1,13.76,Z,5
NTLS,03/03/2014,09:51:12.193,13.74,T,2,13.76,Z,5
NTLS,03/03/2014,09:51:12.193,13.74,T,2,13.75,T,1
NTLS,03/03/2014,09:51:12.194,13.74,T,2,13.75,T,2
NTLS,03/03/2014,09:51:12.194,13.74,T,2,13.75,T,3
NTLS,03/03/2014,09:51:12.194,13.74,T,2,13.75,T,2
NTLS,03/03/2014,09:51:12.194,13.74,T,2,13.75,T,1
NTLS,03/03/2014,09:51:12.194,13.74,T,2,13.76,Z,5
NTLS,03/03/2014,09:51:12.202,13.74,T,2,13.75,P,1
NTLS,03/03/2014,09:51:12.205,13.74,T,2,13.76,Z,5
NTLS,03/03/2014,09:51:12.220,13.74,T,1,13.76,Z,5
NTLS,03/03/2014,09:51:12.220,13.74,P,1,13.76,Z,5
NTLS,03/03/2014,09:51:12.222,13.73,T,3,13.76,Z,5
NTLS,03/03/2014,09:51:12.277,13.73,T,3,13.74,T,1
NTLS,03/03/2014,09:51:12.277,13.73,T,3,13.74,T,2
NTLS,03/03/2014,09:51:12.278,13.73,T,3,13.74,T,1
NTLS,03/03/2014,09:51:12.278,13.73,T,3,13.76,Z,5
NTLS,03/03/2014,09:51:12.281,13.74,Z,1,13.76,Z,5
NTLS,03/03/2014,09:51:14.903,13.74,Z,1,13.76,Z,6
NTLS,03/03/2014,09:51:16.104,13.73,P,3,13.76,Z,6
NTLS,03/03/2014,09:51:22.751,13.73,P,3,13.76,Z,5
NTLS,03/03/2014,09:51:33.839,13.73,T,3,13.76,Z,5
NTLS,03/03/2014,09:51:36.457,13.73,T,3,13.75,X,1
NTLS,03/03/2014,09:51:36.599,13.73,T,3,13.75,T,2
NTLS,03/03/2014,09:51:37.909,13.73,T,1,13.75,T,2
NTLS,03/03/2014,09:51:37.909,13.71,T,2,13.75,T,2
NTLS,03/03/2014,09:51:37.910,13.71,T,2,13.74,T,1
NTLS,03/03/2014,09:51:37.910,13.71,T,1,13.74,T,1
NTLS,03/03/2014,09:51:37.910,13.71,T,1,13.74,T,2
NTLS,03/03/2014,09:51:37.910,13.72,T,1,13.74,T,2
NTLS,03/03/2014,09:51:37.910,13.72,T,2,13.74,T,2
NTLS,03/03/2014,09:51:37.930,13.72,T,1,13.74,T,2
NTLS,03/03/2014,09:51:37.982,13.72,T,1,13.74,T,3
NTLS,03/03/2014,09:51:38.455,13.73,T,1,13.74,T,3
NTLS,03/03/2014,09:51:38.455,13.73,T,2,13.74,T,3
NTLS,03/03/2014,09:51:38.455,13.73,T,1,13.74,T,3
NTLS,03/03/2014,09:51:38.455,13.72,T,2,13.74,T,3
NTLS,03/03/2014,09:51:38.482,13.72,T,1,13.74,T,3
NTLS,03/03/2014,09:51:38.482,13.72,T,1,13.73,T,1
NTLS,03/03/2014,09:51:38.482,13.72,T,1,13.73,T,2
NTLS,03/03/2014,09:51:38.482,13.72,T,1,13.73,T,3
NTLS,03/03/2014,09:51:38.482,13.71,T,1,13.73,T,3
NTLS,03/03/2014,09:51:38.482,13.71,T,1,13.72,T,1
NTLS,03/03/2014,09:51:38.487,13.71,T,1,13.73,T,2
NTLS,03/03/2014,09:51:38.487,13.72,T,1,13.73,T,2
NTLS,03/03/2014,09:51:38.487,13.72,T,2,13.73,T,2
NTLS,03/03/2014,09:51:38.487,13.72,T,3,13.73,T,2
NTLS,03/03/2014,09:51:38.487,13.72,T,2,13.73,T,2
NTLS,03/03/2014,09:51:38.487,13.72,T,1,13.73,T,2
NTLS,03/03/2014,09:51:38.490,13.72,T,1,13.73,T,3
NTLS,03/03/2014,09:51:38.905,13.72,T,1,13.73,T,2
NTLS,03/03/2014,09:51:38.905,13.72,T,1,13.73,T,1
NTLS,03/03/2014,09:51:39.483,13.72,Z,3,13.73,T,1
NTLS,03/03/2014,09:51:39.483,13.71,Z,3,13.73,T,1
NTLS,03/03/2014,09:51:39.484,13.72,Z,1,13.73,T,1
NTLS,03/03/2014,09:51:39.997,13.71,Z,3,13.73,T,1
NTLS,03/03/2014,09:51:39.998,13.71,Z,3,13.73,T,2
NTLS,03/03/2014,09:51:39.998,13.71,Z,3,13.72,T,1
NTLS,03/03/2014,09:51:39.999,13.71,Z,3,13.73,P,1
NTLS,03/03/2014,09:51:39.999,13.72,T,1,13.73,P,1
NTLS,03/03/2014,09:51:39.999,13.72,T,2,13.73,P,1
NTLS,03/03/2014,09:51:39.999,13.72,T,3,13.73,P,1
NTLS,03/03/2014,09:51:39.999,13.72,T,4,13.73,P,1
NTLS,03/03/2014,09:51:39.999,13.72,T,5,13.73,P,1
NTLS,03/03/2014,09:51:40.001,13.72,T,4,13.73,P,1
NTLS,03/03/2014,09:51:40.001,13.72,T,3,13.73,P,1
NTLS,03/03/2014,09:51:40.004,13.72,T,3,13.73,T,1
NTLS,03/03/2014,09:51:40.006,13.72,T,2,13.73,T,1
NTLS,03/03/2014,09:51:41.762,13.72,T,1,13.73,T,1
NTLS,03/03/2014,09:51:41.762,13.71,P,1,13.73,T,1
NTLS,03/03/2014,09:51:41.762,13.71,P,1,13.73,T,2
NTLS,03/03/2014,09:51:41.762,13.71,P,1,13.72,T,1
NTLS,03/03/2014,09:51:41.762,13.71,P,1,13.73,P,1
NTLS,03/03/2014,09:51:41.762,13.71,P,4,13.73,P,1
NTLS,03/03/2014,09:51:49.122,13.71,T,1,13.73,P,1
NTLS,03/03/2014,09:51:49.137,13.71,T,1,13.73,P,2
NTLS,03/03/2014,09:51:49.139,13.71,T,1,13.73,P,1
NTLS,03/03/2014,09:51:49.165,13.71,T,1,13.73,P,2
NTLS,03/03/2014,09:51:49.165,13.71,T,1,13.73,P,1
NTLS,03/03/2014,09:51:49.801,13.72,T,1,13.73,P,1
NTLS,03/03/2014,09:51:49.801,13.72,T,2,13.73,P,1
NTLS,03/03/2014,09:51:49.801,13.72,T,3,13.73,P,1
NTLS,03/03/2014,09:51:49.801,13.72,T,4,13.73,P,1
NTLS,03/03/2014,09:51:49.801,13.72,T,5,13.73,P,1
NTLS,03/03/2014,09:51:49.802,13.72,T,6,13.73,P,1
NTLS,03/03/2014,09:51:49.802,13.72,T,7,13.73,P,1
NTLS,03/03/2014,09:51:49.802,13.72,T,7,13.74,K,2
NTLS,03/03/2014,09:51:49.802,13.73,Z,1,13.74,K,2
NTLS,03/03/2014,09:51:49.802,13.73,Z,4,13.74,K,2
NTLS,03/03/2014,09:51:49.805,13.73,Z,3,13.74,K,2
NTLS,03/03/2014,09:51:49.806,13.71,Z,3,13.74,K,2
NTLS,03/03/2014,09:51:49.806,13.71,Z,3,13.73,K,1
NTLS,03/03/2014,09:51:49.808,13.71,Z,3,13.74,T,2
NTLS,03/03/2014,09:51:49.808,13.72,T,1,13.74,T,2
NTLS,03/03/2014,09:51:49.808,13.72,T,1,13.74,T,1
NTLS,03/03/2014,09:51:49.809,13.72,T,1,13.74,K,2
NTLS,03/03/2014,09:51:49.810,13.72,T,1,13.74,Z,1
NTLS,03/03/2014,09:51:49.810,13.72,T,1,13.75,P,1
NTLS,03/03/2014,09:51:49.813,13.72,T,1,13.74,P,1
NTLS,03/03/2014,09:51:49.817,13.72,T,1,13.75,C,1
NTLS,03/03/2014,09:51:49.824,13.72,T,1,13.74,K,1
NTLS,03/03/2014,09:51:49.830,13.72,T,1,13.74,T,1
NTLS,03/03/2014,09:51:49.838,13.72,T,1,13.75,T,2
NTLS,03/03/2014,09:51:49.838,13.73,T,1,13.75,T,2
NTLS,03/03/2014,09:51:49.839,13.73,Z,3,13.75,T,2
NTLS,03/03/2014,09:51:49.839,13.72,Z,3,13.75,T,2
NTLS,03/03/2014,09:51:49.839,13.73,Z,3,13.75,T,2
NTLS,03/03/2014,09:51:49.841,13.73,Z,3,13.74,T,1
NTLS,03/03/2014,09:51:49.841,13.73,Z,3,13.74,T,2
NTLS,03/03/2014,09:51:49.990,13.73,Z,3,13.74,T,1
NTLS,03/03/2014,09:51:50.318,13.73,Z,3,13.75,T,2
NTLS,03/03/2014,09:51:50.318,13.73,Z,3,13.75,T,1
NTLS,03/03/2014,09:51:50.411,13.73,Z,3,13.75,K,1
NTLS,03/03/2014,09:51:50.411,13.73,Z,3,13.75,P,1
NTLS,03/03/2014,09:51:50.421,13.73,Z,3,13.76,Z,1
NTLS,03/03/2014,09:51:51.478,13.73,T,2,13.76,Z,1
NTLS,03/03/2014,09:51:51.834,13.73,T,4,13.76,Z,1
NTLS,03/03/2014,09:51:56.160,13.73,T,3,13.76,Z,1
NTLS,03/03/2014,09:51:56.599,13.73,T,1,13.76,Z,1
NTLS,03/03/2014,09:51:56.824,13.73,T,2,13.76,Z,1
NTLS,03/03/2014,09:52:03.630,13.73,T,2,13.75,K,2
NTLS,03/03/2014,09:52:58.535,13.74,K,1,13.75,K,2
NTLS,03/03/2014,09:54:06.403,13.73,P,1,13.75,K,2
NTLS,03/03/2014,09:54:06.403,13.73,P,1,13.74,T,1
NTLS,03/03/2014,09:54:06.403,13.73,P,1,13.74,T,2
NTLS,03/03/2014,09:54:06.404,13.73,P,1,13.74,T,3
NTLS,03/03/2014,09:54:06.404,13.73,P,1,13.74,T,4
NTLS,03/03/2014,09:54:06.404,13.72,P,1,13.74,T,4
NTLS,03/03/2014,09:54:06.479,13.72,P,1,13.74,T,3
NTLS,03/03/2014,09:54:06.548,13.72,P,1,13.74,T,2
NTLS,03/03/2014,09:54:09.125,13.72,P,1,13.73,T,1
NTLS,03/03/2014,09:54:09.125,13.72,P,1,13.73,T,2
NTLS,03/03/2014,09:54:09.125,13.72,P,1,13.73,T,3
NTLS,03/03/2014,09:54:09.126,13.72,P,1,13.73,T,4
NTLS,03/03/2014,09:54:09.126,13.72,P,1,13.73,T,3
NTLS,03/03/2014,09:54:09.126,13.72,P,1,13.73,T,2
NTLS,03/03/2014,09:54:09.126,13.72,P,1,13.72,T,1
NTLS,03/03/2014,09:54:09.126,13.71,P,2,13.72,T,1
NTLS,03/03/2014,09:54:09.219,13.71,P,2,13.72,K,2
NTLS,03/03/2014,09:54:09.346,13.71,P,5,13.72,K,2
NTLS,03/03/2014,09:54:09.965,13.71,P,4,13.72,K,2
NTLS,03/03/2014,09:54:13.851,13.71,P,3,13.72,K,2
NTLS,03/03/2014,09:54:13.851,13.7,D,12,13.72,K,2
NTLS,03/03/2014,09:54:13.852,13.71,P,3,13.72,K,2
NTLS,03/03/2014,09:54:13.853,13.7,D,12,13.72,K,2
NTLS,03/03/2014,09:54:13.854,13.71,P,3,13.72,K,2
NTLS,03/03/2014,09:54:13.928,13.7,D,12,13.72,K,2
NTLS,03/03/2014,09:54:14.037,13.71,T,3,13.72,K,2
NTLS,03/03/2014,09:54:14.147,13.7,D,12,13.72,K,2
NTLS,03/03/2014,09:54:14.250,13.71,Z,3,13.72,K,2
NTLS,03/03/2014,09:54:14.340,13.71,Z,2,13.72,K,2
NTLS,03/03/2014,09:54:14.353,13.71,P,1,13.72,K,2
NTLS,03/03/2014,09:54:14.354,13.7,D,12,13.72,K,2
NTLS,03/03/2014,09:54:14.461,13.71,Z,3,13.72,K,2
NTLS,03/03/2014,09:54:14.566,13.7,D,12,13.72,K,2
NTLS,03/03/2014,09:54:14.675,13.71,Z,3,13.72,K,2
NTLS,03/03/2014,09:54:14.780,13.7,D,12,13.72,K,2
NTLS,03/03/2014,09:54:14.883,13.71,T,3,13.72,K,2
NTLS,03/03/2014,09:54:14.990,13.7,D,12,13.72,K,2
NTLS,03/03/2014,09:54:15.096,13.71,Z,3,13.72,K,2
NTLS,03/03/2014,09:54:15.203,13.7,D,12,13.72,K,2
NTLS,03/03/2014,09:54:15.428,13.71,Z,3,13.72,K,2
NTLS,03/03/2014,09:54:15.532,13.7,D,12,13.72,K,2
NTLS,03/03/2014,09:54:15.633,13.71,Z,1,13.72,K,2
NTLS,03/03/2014,09:54:15.736,13.71,P,2,13.72,K,2
NTLS,03/03/2014,09:54:15.737,13.7,D,12,13.72,K,2
NTLS,03/03/2014,09:54:15.839,13.71,Z,3,13.72,K,2
NTLS,03/03/2014,09:54:15.932,13.7,D,12,13.72,K,2
NTLS,03/03/2014,09:54:21.155,13.7,D,12,13.72,P,5
NTLS,03/03/2014,09:54:21.155,13.71,T,1,13.72,P,5
NTLS,03/03/2014,09:54:21.155,13.72,T,1,13.72,P,5
NTLS,03/03/2014,09:54:21.155,13.72,T,1,13.72,P,1
NTLS,03/03/2014,09:54:21.156,13.72,T,1,13.73,K,1
NTLS,03/03/2014,09:54:21.159,13.72,T,1,13.74,P,1
NTLS,03/03/2014,09:54:21.252,13.71,Z,3,13.74,P,1
NTLS,03/03/2014,09:54:21.252,13.72,Z,3,13.74,P,1
NTLS,03/03/2014,09:54:28.326,13.72,Z,4,13.74,P,1
NTLS,03/03/2014,09:54:36.928,13.72,Z,1,13.74,P,1
NTLS,03/03/2014,09:54:40.409,13.73,T,1,13.74,P,1
NTLS,03/03/2014,09:54:46.411,13.73,Z,1,13.74,P,1
NTLS,03/03/2014,09:54:47.210,13.73,Z,1,13.73,T,1
NTLS,03/03/2014,09:54:47.210,13.72,C,1,13.73,T,1
NTLS,03/03/2014,09:54:47.210,13.72,C,1,13.73,T,2
NTLS,03/03/2014,09:54:47.211,13.71,P,1,13.73,T,2
NTLS,03/03/2014,09:54:47.302,13.71,P,1,13.73,T,1
NTLS,03/03/2014,09:54:47.302,13.71,P,1,13.73,Z,1
NTLS,03/03/2014,09:54:47.302,13.71,P,1,13.74,T,3
NTLS,03/03/2014,09:54:47.323,13.71,P,1,13.74,T,4
NTLS,03/03/2014,09:54:47.323,13.71,P,1,13.74,T,5
NTLS,03/03/2014,09:54:50.580,13.71,P,1,13.74,T,4
NTLS,03/03/2014,09:54:56.560,13.71,P,1,13.74,T,3
NTLS,03/03/2014,09:54:57.835,13.71,P,1,13.73,T,1
NTLS,03/03/2014,09:54:57.835,13.71,P,1,13.73,T,2
NTLS,03/03/2014,09:54:57.998,13.71,P,4,13.73,T,2
NTLS,03/03/2014,09:55:00.064,13.71,P,4,13.73,T,1
NTLS,03/03/2014,09:55:36.286,13.71,P,4,13.73,T,2
NTLS,03/03/2014,09:55:46.824,13.71,P,4,13.73,T,3
NTLS,03/03/2014,09:55:48.203,13.71,P,4,13.72,T,1
NTLS,03/03/2014,09:55:48.203,13.71,P,4,13.72,T,2
NTLS,03/03/2014,09:55:48.203,13.71,P,4,13.72,T,3
NTLS,03/03/2014,09:55:48.204,13.71,P,3,13.72,T,3
NTLS,03/03/2014,09:55:48.204,13.71,P,3,13.71,T,1
NTLS,03/03/2014,09:55:48.204,13.71,P,3,13.71,T,2
NTLS,03/03/2014,09:55:48.204,13.71,P,3,13.71,T,1
NTLS,03/03/2014,09:55:48.204,13.7,D,12,13.71,T,1
NTLS,03/03/2014,09:55:48.204,13.71,Z,3,13.71,T,1
NTLS,03/03/2014,09:55:48.204,13.7,D,12,13.71,T,1
NTLS,03/03/2014,09:55:48.295,13.7,D,12,13.71,P,1
NTLS,03/03/2014,09:55:48.295,13.7,D,12,13.72,T,2
NTLS,03/03/2014,09:55:48.296,13.7,D,12,13.72,T,1
NTLS,03/03/2014,09:55:48.299,13.7,D,12,13.72,T,2
NTLS,03/03/2014,09:55:48.355,13.7,D,12,13.72,T,1
NTLS,03/03/2014,09:55:48.402,13.7,D,12,13.72,T,3
NTLS,03/03/2014,09:56:00.159,13.7,D,12,13.72,T,4
NTLS,03/03/2014,09:56:00.161,13.7,D,12,13.72,T,5
NTLS,03/03/2014,09:56:20.221,13.7,D,12,13.72,T,6
NTLS,03/03/2014,09:56:31.039,13.7,D,12,13.71,P,2
NTLS,03/03/2014,09:56:32.401,13.7,D,12,13.71,P,3
NTLS,03/03/2014,09:56:34.517,13.7,D,12,13.71,P,5
NTLS,03/03/2014,09:56:38.010,13.7,D,12,13.71,P,3
NTLS,03/03/2014,09:56:38.101,13.7,D,12,13.7,T,1
NTLS,03/03/2014,09:56:38.101,13.7,D,12,13.7,T,7
NTLS,03/03/2014,09:56:38.102,13.7,D,12,13.7,T,6
NTLS,03/03/2014,09:56:38.102,13.7,D,12,13.7,T,7
NTLS,03/03/2014,09:56:38.103,13.7,D,12,13.7,T,8
NTLS,03/03/2014,09:56:38.103,13.7,D,12,13.7,T,9
NTLS,03/03/2014,09:56:38.104,13.7,D,12,13.69,T,1
NTLS,03/03/2014,09:56:38.104,13.7,D,12,13.69,T,2
NTLS,03/03/2014,09:56:38.104,13.7,D,12,13.69,T,1
NTLS,03/03/2014,09:56:38.105,13.7,D,12,13.7,T,6
NTLS,03/03/2014,09:56:38.121,13.7,D,11,13.7,T,6
NTLS,03/03/2014,09:56:38.121,13.7,D,2,13.7,T,6
NTLS,03/03/2014,09:56:38.121,13.68,K,37,13.7,T,6
NTLS,03/03/2014,09:56:38.124,13.68,K,37,13.7,T,7
NTLS,03/03/2014,09:56:40.242,13.68,K,37,13.7,T,8
NTLS,03/03/2014,09:56:42.743,13.68,K,37,13.7,T,2
NTLS,03/03/2014,09:56:42.762,13.68,K,37,13.69,T,1
NTLS,03/03/2014,09:56:42.762,13.68,K,37,13.69,T,2
NTLS,03/03/2014,09:56:42.762,13.68,K,30,13.69,T,2
NTLS,03/03/2014,09:56:42.763,13.68,C,1,13.69,T,2
NTLS,03/03/2014,09:56:42.763,13.68,C,1,13.69,T,3
NTLS,03/03/2014,09:56:42.763,13.68,C,1,13.69,T,4
NTLS,03/03/2014,09:56:42.763,13.65,T,1,13.69,T,4
NTLS,03/03/2014,09:56:42.764,13.65,T,1,13.68,P,1
NTLS,03/03/2014,09:56:42.858,13.65,T,1,13.68,T,2
NTLS,03/03/2014,09:56:42.916,13.65,T,1,13.68,T,1
NTLS,03/03/2014,09:56:42.917,13.65,T,1,13.68,T,2
NTLS,03/03/2014,09:56:43.089,13.65,P,1,13.68,T,2
NTLS,03/03/2014,09:56:43.089,13.65,P,1,13.67,T,1
NTLS,03/03/2014,09:56:43.089,13.65,P,1,13.67,T,2
NTLS,03/03/2014,09:56:43.089,13.65,P,1,13.67,T,3
NTLS,03/03/2014,09:56:43.089,13.65,P,1,13.66,T,1
NTLS,03/03/2014,09:56:43.089,13.63,T,11,13.66,T,1
NTLS,03/03/2014,09:56:43.090,13.64,T,1,13.66,T,1
NTLS,03/03/2014,09:56:43.093,13.64,T,1,13.66,T,2
NTLS,03/03/2014,09:56:43.095,13.63,T,11,13.66,T,2
NTLS,03/03/2014,09:56:43.095,13.63,T,11,13.65,T,1
NTLS,03/03/2014,09:56:43.189,13.63,T,11,13.65,Z,1
NTLS,03/03/2014,09:56:43.189,13.63,T,11,13.66,P,1
NTLS,03/03/2014,09:56:43.190,13.63,T,11,13.66,T,1
NTLS,03/03/2014,09:56:43.271,13.64,P,1,13.66,T,1
NTLS,03/03/2014,09:56:45.225,13.64,P,1,13.66,T,2
NTLS,03/03/2014,09:56:45.335,13.64,P,1,13.65,T,1
NTLS,03/03/2014,09:56:45.335,13.64,P,1,13.65,T,2
NTLS,03/03/2014,09:56:45.335,13.64,P,1,13.65,T,3
NTLS,03/03/2014,09:56:45.335,13.64,P,1,13.65,T,4
NTLS,03/03/2014,09:56:45.335,13.64,P,1,13.65,T,3
NTLS,03/03/2014,09:56:45.335,13.64,P,1,13.65,T,2
NTLS,03/03/2014,09:56:45.335,13.64,P,1,13.64,T,1
NTLS,03/03/2014,09:56:45.336,13.64,P,1,13.64,T,2
NTLS,03/03/2014,09:56:45.336,13.64,P,1,13.64,T,1
NTLS,03/03/2014,09:56:45.336,13.63,T,10,13.64,T,1
NTLS,03/03/2014,09:56:45.336,13.63,T,10,13.65,T,2
NTLS,03/03/2014,09:56:45.336,13.64,T,1,13.65,T,2
NTLS,03/03/2014,09:56:45.336,13.64,T,2,13.65,T,2
NTLS,03/03/2014,09:56:45.336,13.64,T,2,13.64,P,1
NTLS,03/03/2014,09:56:45.337,13.64,T,2,13.65,T,2
NTLS,03/03/2014,09:56:45.337,13.64,T,2,13.65,T,1
NTLS,03/03/2014,09:56:45.337,13.64,T,2,13.65,P,1
NTLS,03/03/2014,09:56:45.337,13.64,T,1,13.65,P,1
NTLS,03/03/2014,09:56:45.337,13.63,T,12,13.65,P,1
NTLS,03/03/2014,09:56:45.337,13.63,T,11,13.65,P,1
NTLS,03/03/2014,09:56:45.339,13.63,T,11,13.66,T,1
NTLS,03/03/2014,09:56:45.346,13.63,T,11,13.64,Z,5
NTLS,03/03/2014,09:56:45.454,13.63,T,12,13.64,Z,5
NTLS,03/03/2014,09:56:45.528,13.63,T,12,13.64,Z,3
NTLS,03/03/2014,09:56:45.528,13.63,T,13,13.64,Z,3
NTLS,03/03/2014,09:56:45.536,13.63,T,12,13.64,Z,3
NTLS,03/03/2014,09:56:48.016,13.63,T,11,13.64,Z,3
NTLS,03/03/2014,09:56:49.414,13.63,T,8,13.64,Z,3
NTLS,03/03/2014,09:56:49.414,13.63,T,1,13.64,Z,3
NTLS,03/03/2014,09:56:49.414,13.62,P,1,13.64,Z,3
NTLS,03/03/2014,09:56:49.550,13.62,P,1,13.63,P,3
NTLS,03/03/2014,09:56:49.551,13.62,C,1,13.63,P,3
NTLS,03/03/2014,09:56:49.552,13.62,T,1,13.63,P,3
NTLS,03/03/2014,09:56:49.611,13.62,T,1,13.63,P,6
NTLS,03/03/2014,09:56:50.409,13.61,T,2,13.63,P,6
NTLS,03/03/2014,09:56:50.409,13.61,T,2,13.62,T,1
NTLS,03/03/2014,09:56:50.409,13.61,T,2,13.62,T,2
NTLS,03/03/2014,09:56:50.409,13.61,T,2,13.62,T,1
NTLS,03/03/2014,09:56:50.409,13.61,T,2,13.63,P,6
NTLS,03/03/2014,09:56:50.410,13.62,T,1,13.63,P,6
NTLS,03/03/2014,09:56:50.411,13.61,T,2,13.63,P,6
NTLS,03/03/2014,09:56:50.483,13.61,T,1,13.63,P,6
NTLS,03/03/2014,09:56:50.607,13.61,P,1,13.63,P,6
NTLS,03/03/2014,09:56:50.608,13.6,K,4,13.63,P,6
NTLS,03/03/2014,09:56:50.625,13.6,K,4,13.63,P,7
NTLS,03/03/2014,09:56:50.895,13.6,K,4,13.62,J,1
NTLS,03/03/2014,09:56:50.964,13.61,T,1,13.62,J,1
NTLS,03/03/2014,09:56:51.880,13.61,T,1,13.63,P,6
NTLS,03/03/2014,09:56:54.324,13.62,P,1,13.63,P,6
NTLS,03/03/2014,09:56:54.938,13.62,P,1,13.63,P,3
NTLS,03/03/2014,09:56:55.265,13.62,P,1,13.63,T,2
NTLS,03/03/2014,09:57:03.224,13.62,P,1,13.63,T,1
NTLS,03/03/2014,09:57:03.224,13.62,P,1,13.63,K,1
NTLS,03/03/2014,09:57:03.224,13.62,P,1,13.63,P,1
NTLS,03/03/2014,09:57:03.224,13.63,T,1,13.63,P,1
NTLS,03/03/2014,09:57:03.225,13.63,T,2,13.63,P,1
NTLS,03/03/2014,09:57:03.225,13.63,T,1,13.63,P,1
NTLS,03/03/2014,09:57:03.225,13.63,T,2,13.63,P,1
NTLS,03/03/2014,09:57:03.225,13.63,T,1,13.63,P,1
NTLS,03/03/2014,09:57:03.225,13.63,T,1,13.64,T,4
NTLS,03/03/2014,09:57:03.233,13.63,P,1,13.64,T,4
NTLS,03/03/2014,09:57:03.233,13.63,P,1,13.64,T,5
NTLS,03/03/2014,09:57:03.233,13.63,P,1,13.64,T,6
NTLS,03/03/2014,09:57:03.233,13.63,P,1,13.64,T,5
NTLS,03/03/2014,09:57:03.233,13.63,P,1,13.64,T,4
NTLS,03/03/2014,09:57:03.233,13.63,P,1,13.64,T,1
NTLS,03/03/2014,09:57:03.233,13.63,P,1,13.64,Z,3
NTLS,03/03/2014,09:57:03.233,13.64,T,1,13.64,Z,3
NTLS,03/03/2014,09:57:03.233,13.64,T,1,13.66,P,1
NTLS,03/03/2014,09:57:03.326,13.64,Z,1,13.66,P,1
NTLS,03/03/2014,09:57:03.327,13.63,P,1,13.66,P,1
NTLS,03/03/2014,09:57:03.377,13.63,Z,1,13.66,P,1
NTLS,03/03/2014,09:57:03.377,13.61,T,1,13.66,P,1
NTLS,03/03/2014,09:57:03.378,13.61,T,1,13.65,K,1
NTLS,03/03/2014,09:57:03.382,13.61,T,3,13.65,K,1
NTLS,03/03/2014,09:57:03.382,13.61,T,4,13.65,K,1
NTLS,03/03/2014,09:57:03.384,13.61,T,2,13.65,K,1
NTLS,03/03/2014,09:57:03.384,13.61,T,1,13.65,K,1
NTLS,03/03/2014,09:57:03.384,13.61,T,2,13.65,K,1
NTLS,03/03/2014,09:57:03.386,13.61,T,3,13.65,K,1
NTLS,03/03/2014,09:57:03.387,13.61,T,2,13.65,K,1
NTLS,03/03/2014,09:57:03.402,13.61,T,1,13.65,K,1
NTLS,03/03/2014,09:57:03.527,13.61,T,1,13.66,X,1
NTLS,03/03/2014,09:57:03.537,13.61,T,3,13.66,X,1
NTLS,03/03/2014,09:57:03.538,13.61,T,4,13.66,X,1
NTLS,03/03/2014,09:57:03.538,13.61,T,5,13.66,X,1
NTLS,03/03/2014,09:57:04.207,13.62,T,2,13.66,X,1
NTLS,03/03/2014,09:57:04.228,13.62,T,2,13.66,P,2
NTLS,03/03/2014,09:57:26.398,13.62,T,2,13.66,P,3
NTLS,03/03/2014,09:57:32.598,13.62,T,2,13.66,P,4
NTLS,03/03/2014,09:58:11.305,13.62,T,2,13.65,P,1
NTLS,03/03/2014,09:58:11.401,13.62,T,2,13.65,P,2
NTLS,03/03/2014,09:58:13.318,13.63,T,1,13.65,P,2
NTLS,03/03/2014,09:58:19.320,13.62,T,2,13.65,P,2
NTLS,03/03/2014,09:58:20.705,13.62,T,2,13.65,P,3
NTLS,03/03/2014,09:58:23.935,13.62,T,2,13.65,P,4
NTLS,03/03/2014,09:58:24.023,13.62,K,1,13.65,P,4
NTLS,03/03/2014,09:58:24.023,13.62,K,1,13.64,T,1
NTLS,03/03/2014,09:58:24.023,13.62,K,1,13.64,T,2
NTLS,03/03/2014,09:58:24.023,13.62,K,1,13.64,T,3
NTLS,03/03/2014,09:58:24.023,13.62,K,1,13.63,T,1
NTLS,03/03/2014,09:58:24.024,13.6,P,1,13.63,T,1
NTLS,03/03/2014,09:58:24.025,13.6,T,4,13.63,T,1
NTLS,03/03/2014,09:58:24.123,13.6,T,4,13.63,K,1
NTLS,03/03/2014,09:58:24.174,13.6,T,4,13.63,P,1
NTLS,03/03/2014,09:58:25.249,13.6,T,5,13.63,P,1
NTLS,03/03/2014,09:58:25.883,13.6,T,4,13.63,P,1
NTLS,03/03/2014,09:58:26.509,13.6,T,5,13.63,P,1
NTLS,03/03/2014,09:58:26.996,13.6,T,4,13.63,P,1
NTLS,03/03/2014,09:58:27.614,13.6,K,4,13.63,P,1
NTLS,03/03/2014,09:58:27.614,13.6,K,4,13.62,T,1
NTLS,03/03/2014,09:58:27.615,13.6,K,4,13.62,T,2
NTLS,03/03/2014,09:58:27.615,13.6,K,4,13.62,T,3
NTLS,03/03/2014,09:58:27.615,13.6,K,3,13.62,T,3
NTLS,03/03/2014,09:58:27.615,13.6,K,3,13.61,T,1
NTLS,03/03/2014,09:58:27.615,13.59,P,2,13.61,T,1
NTLS,03/03/2014,09:58:27.616,13.59,P,2,13.6,T,1
NTLS,03/03/2014,09:58:27.616,13.58,C,1,13.6,T,1
NTLS,03/03/2014,09:58:27.617,13.57,T,1,13.6,T,1
NTLS,03/03/2014,09:58:27.708,13.57,T,1,13.6,K,4
NTLS,03/03/2014,09:58:31.361,13.57,P,1,13.6,K,4
NTLS,03/03/2014,09:58:31.363,13.55,P,1,13.6,K,4
NTLS,03/03/2014,09:58:31.364,13.54,T,1,13.6,K,4
NTLS,03/03/2014,09:58:31.368,13.54,T,2,13.6,K,4
NTLS,03/03/2014,09:58:31.368,13.54,T,4,13.6,K,4
NTLS,03/03/2014,09:58:32.164,13.54,T,4,13.56,J,1
NTLS,03/03/2014,09:58:32.168,13.54,T,3,13.56,J,1
NTLS,03/03/2014,09:58:32.168,13.54,T,1,13.56,J,1
NTLS,03/03/2014,09:58:32.217,13.54,P,1,13.56,J,1
NTLS,03/03/2014,09:58:32.218,13.54,P,1,13.55,T,1
NTLS,03/03/2014,09:58:32.218,13.54,P,1,13.55,T,2
NTLS,03/03/2014,09:58:32.218,13.53,P,2,13.55,T,2
NTLS,03/03/2014,09:58:32.218,13.53,P,2,13.55,T,1
NTLS,03/03/2014,09:58:32.309,13.53,P,2,13.55,P,1
NTLS,03/03/2014,09:58:32.310,13.53,P,2,13.56,J,1
NTLS,03/03/2014,09:58:33.356,13.53,P,2,13.56,T,2
NTLS,03/03/2014,09:58:35.458,13.53,P,3,13.56,T,2
NTLS,03/03/2014,09:58:40.608,13.53,P,3,13.55,P,1
NTLS,03/03/2014,09:58:41.413,13.53,P,3,13.55,P,2
NTLS,03/03/2014,09:58:42.958,13.53,P,2,13.55,P,2
NTLS,03/03/2014,09:58:56.924,13.53,P,2,13.55,P,1
NTLS,03/03/2014,09:59:00.006,13.53,P,3,13.55,P,1
NTLS,03/03/2014,09:59:03.007,13.53,P,3,13.54,P,1
NTLS,03/03/2014,09:59:03.013,13.53,P,3,13.55,T,3
NTLS,03/03/2014,09:59:03.113,13.53,P,3,13.54,K,1
NTLS,03/03/2014,09:59:06.026,13.54,T,1,13.54,K,1
NTLS,03/03/2014,09:59:06.090,13.54,T,1,13.55,T,3
NTLS,03/03/2014,09:59:06.174,13.53,P,3,13.55,T,3
NTLS,03/03/2014,09:59:21.372,13.53,P,3,13.55,T,2
NTLS,03/03/2014,09:59:21.372,13.53,P,3,13.55,T,1
NTLS,03/03/2014,09:59:21.372,13.53,P,3,13.57,P,1
NTLS,03/03/2014,09:59:21.372,13.54,T,1,13.57,P,1
NTLS,03/03/2014,09:59:21.372,13.54,T,2,13.57,P,1
NTLS,03/03/2014,09:59:21.387,13.54,T,3,13.57,P,1
NTLS,03/03/2014,09:59:21.440,13.55,T,1,13.57,P,1
NTLS,03/03/2014,09:59:21.440,13.55,T,1,13.6,K,4
NTLS,03/03/2014,09:59:21.591,13.55,Z,1,13.6,K,4
NTLS,03/03/2014,09:59:22.291,13.55,Z,1,13.65,P,1
NTLS,03/03/2014,09:59:22.292,13.56,T,1,13.65,P,1
NTLS,03/03/2014,09:59:22.292,13.56,T,1,13.65,B,1
NTLS,03/03/2014,09:59:22.298,13.56,T,1,13.65,T,1
NTLS,03/03/2014,09:59:22.298,13.56,T,1,13.65,T,3
NTLS,03/03/2014,09:59:22.302,13.56,T,3,13.65,T,3
NTLS,03/03/2014,09:59:22.304,13.56,T,3,13.65,T,1
NTLS,03/03/2014,09:59:23.595,13.57,T,2,13.65,T,1
NTLS,03/03/2014,09:59:23.604,13.57,T,3,13.65,T,1
NTLS,03/03/2014,09:59:23.607,13.57,T,3,13.65,T,2
NTLS,03/03/2014,09:59:23.609,13.57,T,3,13.65,T,4
NTLS,03/03/2014,09:59:23.646,13.57,T,3,13.64,P,1
NTLS,03/03/2014,09:59:25.543,13.57,T,3,13.63,T,2
NTLS,03/03/2014,09:59:25.547,13.57,T,3,13.63,T,3
NTLS,03/03/2014,09:59:25.548,13.57,T,2,13.63,T,3
NTLS,03/03/2014,09:59:25.554,13.57,T,2,13.61,T,1
NTLS,03/03/2014,09:59:28.507,13.57,T,2,13.61,T,2
NTLS,03/03/2014,09:59:38.588,13.56,K,10,13.61,T,2
NTLS,03/03/2014,09:59:38.590,13.56,K,10,13.61,T,4
NTLS,03/03/2014,09:59:38.693,13.56,K,10,13.61,T,5
NTLS,03/03/2014,09:59:38.716,13.56,K,10,13.6,T,2
NTLS,03/03/2014,09:59:38.756,13.56,K,10,13.6,T,3
NTLS,03/03/2014,09:59:38.757,13.56,K,10,13.6,T,4
NTLS,03/03/2014,09:59:40.705,13.56,K,10,13.6,T,5
NTLS,03/03/2014,09:59:42.156,13.56,K,10,13.6,T,6
NTLS,03/03/2014,09:59:57.726,13.56,K,10,13.6,T,5
NTLS,03/03/2014,09:59:59.940,13.56,K,10,13.6,T,3
NTLS,03/03/2014,09:59:59.940,13.56,K,10,13.6,T,2
NTLS,03/03/2014,09:59:59.940,13.56,K,10,13.6,T,1
NTLS,03/03/2014,09:59:59.940,13.56,K,10,13.61,P,2
NTLS,03/03/2014,09:59:59.940,13.58,T,1,13.61,P,2
NTLS,03/03/2014,09:59:59.948,13.59,T,1,13.61,P,2
NTLS,03/03/2014,09:59:59.948,13.59,T,1,13.62,T,1
NTLS,03/03/2014,09:59:59.975,13.59,T,1,13.63,P,1
NTLS,03/03/2014,10:00:00.096,13.59,J,1,13.63,P,1
NTLS,03/03/2014,10:00:02.518,13.59,J,1,13.63,T,3
NTLS,03/03/2014,10:00:02.529,13.59,J,1,13.63,T,2
NTLS,03/03/2014,10:00:04.794,13.59,J,1,13.64,T,5
NTLS,03/03/2014,10:00:04.794,13.59,J,1,13.64,T,7
NTLS,03/03/2014,10:00:04.863,13.59,J,1,13.63,P,1
NTLS,03/03/2014,10:00:06.921,13.57,P,1,13.63,P,1
NTLS,03/03/2014,10:00:09.467,13.57,P,2,13.63,P,1
NTLS,03/03/2014,10:00:10.200,13.57,P,1,13.63,P,1
NTLS,03/03/2014,10:00:10.201,13.57,K,1,13.63,P,1
NTLS,03/03/2014,10:00:13.528,13.57,K,1,13.63,T,3
NTLS,03/03/2014,10:00:17.394,13.57,K,1,13.62,P,1
NTLS,03/03/2014,10:00:17.584,13.57,K,1,13.62,P,2
NTLS,03/03/2014,10:00:24.336,13.57,K,1,13.62,P,3
NTLS,03/03/2014,10:00:24.761,13.58,T,1,13.62,P,3
NTLS,03/03/2014,10:00:25.835,13.58,T,1,13.61,T,1
NTLS,03/03/2014,10:00:25.844,13.58,T,1,13.61,T,2
NTLS,03/03/2014,10:00:27.094,13.58,T,2,13.61,T,2
NTLS,03/03/2014,10:00:28.691,13.6,K,1,13.61,T,2
NTLS,03/03/2014,10:00:28.691,13.6,K,1,13.61,T,1
NTLS,03/03/2014,10:00:28.691,13.6,K,1,13.61,P,1
NTLS,03/03/2014,10:00:28.692,13.59,T,1,13.61,P,1
NTLS,03/03/2014,10:00:28.693,13.6,T,1,13.61,P,1
NTLS,03/03/2014,10:00:28.693,13.6,T,1,13.61,C,1
NTLS,03/03/2014,10:00:28.693,13.61,T,1,13.61,C,1
NTLS,03/03/2014,10:00:28.693,13.61,T,1,13.62,T,3
NTLS,03/03/2014,10:00:28.697,13.61,T,1,13.62,T,1
NTLS,03/03/2014,10:00:28.737,13.6,C,1,13.62,T,1
NTLS,03/03/2014,10:00:28.739,13.6,P,1,13.62,T,1
NTLS,03/03/2014,10:00:28.739,13.59,T,1,13.62,T,1
NTLS,03/03/2014,10:00:28.781,13.61,T,1,13.62,T,1
NTLS,03/03/2014,10:00:28.803,13.61,T,1,13.62,T,2
NTLS,03/03/2014,10:00:29.153,13.61,T,1,13.62,T,1
NTLS,03/03/2014,10:00:29.153,13.61,T,1,13.62,P,1
NTLS,03/03/2014,10:00:29.153,13.61,T,2,13.62,P,1
NTLS,03/03/2014,10:00:29.153,13.61,T,3,13.62,P,1
NTLS,03/03/2014,10:00:29.154,13.62,T,1,13.62,P,1
NTLS,03/03/2014,10:00:29.154,13.62,T,2,13.62,P,1
NTLS,03/03/2014,10:00:29.154,13.62,T,2,13.63,T,1
NTLS,03/03/2014,10:00:29.250,13.62,T,1,13.63,T,1
NTLS,03/03/2014,10:00:29.300,13.62,T,1,13.63,P,1
NTLS,03/03/2014,10:00:29.301,13.61,T,1,13.63,P,1
NTLS,03/03/2014,10:00:29.301,13.62,T,1,13.63,P,1
NTLS,03/03/2014,10:00:29.301,13.62,T,1,13.64,T,5
NTLS,03/03/2014,10:00:29.302,13.63,P,1,13.64,T,5
NTLS,03/03/2014,10:00:29.452,13.61,T,1,13.64,T,5
NTLS,03/03/2014,10:00:30.765,13.61,T,1,13.64,T,7
NTLS,03/03/2014,10:00:30.956,13.61,T,1,13.64,T,8
NTLS,03/03/2014,10:00:32.582,13.61,T,1,13.63,T,2
NTLS,03/03/2014,10:00:34.618,13.61,T,1,13.63,Z,1
NTLS,03/03/2014,10:00:43.061,13.61,T,2,13.63,Z,1
NTLS,03/03/2014,10:00:47.843,13.62,T,1,13.63,Z,1
NTLS,03/03/2014,10:00:47.843,13.62,T,1,13.64,T,6
NTLS,03/03/2014,10:00:47.870,13.62,T,1,13.64,T,5
NTLS,03/03/2014,10:00:47.942,13.62,Z,2,13.64,T,5
NTLS,03/03/2014,10:00:47.993,13.62,Z,1,13.64,T,5
NTLS,03/03/2014,10:00:47.993,13.61,T,2,13.64,T,5
NTLS,03/03/2014,10:00:57.486,13.61,T,2,13.63,P,1
NTLS,03/03/2014,10:00:57.510,13.62,Z,2,13.63,P,1
NTLS,03/03/2014,10:00:57.510,13.62,Z,3,13.63,P,1
NTLS,03/03/2014,10:00:57.534,13.63,T,1,13.63,P,1
NTLS,03/03/2014,10:00:57.534,13.63,T,1,13.64,T,5
NTLS,03/03/2014,10:00:57.682,13.63,P,1,13.64,T,5
NTLS,03/03/2014,10:00:57.684,13.63,Z,1,13.64,T,5
NTLS,03/03/2014,10:01:01.872,13.63,Z,2,13.64,T,5
NTLS,03/03/2014,10:01:01.873,13.63,Z,1,13.64,T,5
NTLS,03/03/2014,10:01:05.995,13.63,Z,1,13.64,T,3
NTLS,03/03/2014,10:01:08.903,13.63,P,2,13.64,T,3
NTLS,03/03/2014,10:01:12.423,13.63,P,3,13.64,T,3
NTLS,03/03/2014,10:01:15.937,13.63,P,2,13.64,T,3
NTLS,03/03/2014,10:01:38.406,13.63,P,2,13.64,T,1
NTLS,03/03/2014,10:01:38.407,13.63,P,2,13.68,W,4
NTLS,03/03/2014,10:01:38.407,13.64,T,1,13.68,W,4
NTLS,03/03/2014,10:01:38.407,13.64,T,2,13.68,W,4
NTLS,03/03/2014,10:01:38.407,13.64,T,3,13.68,W,4
NTLS,03/03/2014,10:01:38.407,13.65,T,1,13.68,W,4
NTLS,03/03/2014,10:01:38.409,13.65,T,3,13.68,W,4
NTLS,03/03/2014,10:01:38.502,13.65,T,2,13.68,W,4
NTLS,03/03/2014,10:01:38.507,13.65,T,2,13.68,T,2
NTLS,03/03/2014,10:01:41.001,13.65,T,2,13.68,T,3
NTLS,03/03/2014,10:01:42.682,13.65,T,2,13.68,T,2
NTLS,03/03/2014,10:01:42.768,13.65,T,2,13.68,T,4
NTLS,03/03/2014,10:01:43.926,13.65,T,2,13.68,T,5
NTLS,03/03/2014,10:01:49.436,13.65,T,2,13.68,T,4
NTLS,03/03/2014,10:01:51.896,13.65,T,2,13.68,T,5
NTLS,03/03/2014,10:01:59.943,13.65,T,2,13.67,T,1
NTLS,03/03/2014,10:02:00.797,13.65,T,2,13.67,T,2
NTLS,03/03/2014,10:02:02.777,13.65,T,2,13.67,T,1
NTLS,03/03/2014,10:02:03.711,13.65,T,2,13.67,T,2
NTLS,03/03/2014,10:02:04.082,13.65,T,2,13.67,T,4
NTLS,03/03/2014,10:02:04.085,13.65,T,2,13.67,T,5
NTLS,03/03/2014,10:02:05.079,13.65,T,2,13.67,T,4
NTLS,03/03/2014,10:02:05.082,13.65,T,2,13.67,T,2
NTLS,03/03/2014,10:02:07.539,13.66,T,1,13.67,T,2
NTLS,03/03/2014,10:02:07.539,13.65,T,2,13.67,T,2
NTLS,03/03/2014,10:02:07.539,13.65,T,2,13.66,T,1
NTLS,03/03/2014,10:02:07.539,13.65,T,2,13.66,T,2
NTLS,03/03/2014,10:02:07.548,13.65,T,2,13.66,T,1
NTLS,03/03/2014,10:02:07.548,13.65,T,2,13.67,P,1
NTLS,03/03/2014,10:02:07.848,13.65,P,1,13.67,P,1
NTLS,03/03/2014,10:02:11.030,13.65,P,1,13.66,T,2
NTLS,03/03/2014,10:02:11.240,13.65,P,1,13.66,T,4
NTLS,03/03/2014,10:02:11.240,13.65,P,1,13.66,T,5
NTLS,03/03/2014,10:02:11.258,13.65,P,1,13.66,T,6
NTLS,03/03/2014,10:02:11.843,13.65,P,1,13.66,T,7
NTLS,03/03/2014,10:02:11.844,13.65,P,1,13.66,T,8
NTLS,03/03/2014,10:02:11.844,13.65,P,1,13.66,T,9
NTLS,03/03/2014,10:02:11.844,13.65,P,1,13.65,T,1
NTLS,03/03/2014,10:02:11.845,13.64,Z,1,13.65,T,1
NTLS,03/03/2014,10:02:11.845,13.64,Z,1,13.65,T,2
NTLS,03/03/2014,10:02:11.845,13.64,Z,1,13.65,T,3
NTLS,03/03/2014,10:02:11.845,13.64,Z,1,13.65,T,4
NTLS,03/03/2014,10:02:11.845,13.64,Z,1,13.65,T,5
NTLS,03/03/2014,10:02:11.847,13.64,Z,1,13.65,T,4
NTLS,03/03/2014,10:02:11.848,13.64,Z,1,13.65,T,6
NTLS,03/03/2014,10:02:11.849,13.64,Z,1,13.65,T,5
NTLS,03/03/2014,10:02:11.853,13.64,Z,1,13.65,T,6
NTLS,03/03/2014,10:02:11.867,13.64,Z,1,13.65,T,7
NTLS,03/03/2014,10:02:11.867,13.64,Z,1,13.65,T,6
NTLS,03/03/2014,10:02:11.937,13.64,Z,1,13.65,T,5
NTLS,03/03/2014,10:02:11.997,13.64,Z,1,13.65,T,4
NTLS,03/03/2014,10:02:12.408,13.64,Z,1,13.65,T,3
NTLS,03/03/2014,10:02:12.420,13.64,Z,1,13.65,T,2
NTLS,03/03/2014,10:02:12.422,13.64,Z,1,13.67,T,3
NTLS,03/03/2014,10:02:12.422,13.64,Z,1,13.67,T,2
NTLS,03/03/2014,10:02:12.422,13.64,Z,1,13.66,T,2
NTLS,03/03/2014,10:02:19.129,13.64,T,1,13.66,T,2
NTLS,03/03/2014,10:02:19.133,13.62,P,1,13.66,T,2
NTLS,03/03/2014,10:02:19.141,13.61,T,1,13.66,T,2
NTLS,03/03/2014,10:02:19.617,13.61,T,1,13.66,T,3
NTLS,03/03/2014,10:02:20.351,13.61,T,1,13.66,T,4
NTLS,03/03/2014,10:02:20.351,13.61,T,1,13.66,T,5
NTLS,03/03/2014,10:02:22.566,13.61,T,1,13.66,T,4
NTLS,03/03/2014,10:02:25.530,13.61,T,1,13.66,T,5
NTLS,03/03/2014,10:02:26.908,13.61,T,3,13.66,T,5
NTLS,03/03/2014,10:02:26.908,13.61,T,5,13.66,T,5
NTLS,03/03/2014,10:02:27.099,13.61,T,6,13.66,T,5
NTLS,03/03/2014,10:02:27.151,13.62,Z,2,13.66,T,5
NTLS,03/03/2014,10:02:31.181,13.62,Z,2,13.66,T,4
NTLS,03/03/2014,10:02:31.404,13.62,Z,2,13.66,T,2
NTLS,03/03/2014,10:02:31.772,13.62,Z,2,13.66,T,4
NTLS,03/03/2014,10:02:34.933,13.62,Z,2,13.66,T,2
NTLS,03/03/2014,10:02:34.993,13.62,Z,2,13.66,T,1
NTLS,03/03/2014,10:02:35.147,13.62,Z,2,13.66,T,2
NTLS,03/03/2014,10:02:35.611,13.62,Z,2,13.66,T,4
NTLS,03/03/2014,10:02:35.617,13.62,Z,2,13.66,T,2
NTLS,03/03/2014,10:02:40.553,13.62,Z,2,13.66,T,4
NTLS,03/03/2014,10:02:40.555,13.62,Z,2,13.66,T,2
NTLS,03/03/2014,10:02:41.014,13.62,Z,2,13.66,T,4
NTLS,03/03/2014,10:02:41.383,13.62,Z,2,13.66,T,2
NTLS,03/03/2014,10:02:44.532,13.62,Z,2,13.66,T,3
NTLS,03/03/2014,10:02:44.534,13.62,Z,2,13.66,T,5
NTLS,03/03/2014,10:02:44.577,13.62,Z,2,13.66,T,6
NTLS,03/03/2014,10:02:45.228,13.62,Z,2,13.66,T,5
NTLS,03/03/2014,10:02:46.000,13.62,Z,2,13.66,T,6
NTLS,03/03/2014,10:02:46.662,13.62,Z,2,13.65,T,1
NTLS,03/03/2014,10:02:46.662,13.62,Z,2,13.65,T,2
NTLS,03/03/2014,10:02:46.662,13.62,Z,1,13.65,T,2
NTLS,03/03/2014,10:02:46.663,13.61,T,2,13.65,T,2
NTLS,03/03/2014,10:02:46.663,13.61,T,2,13.65,T,3
NTLS,03/03/2014,10:02:46.663,13.61,T,2,13.64,T,1
NTLS,03/03/2014,10:02:46.663,13.61,T,2,13.64,Z,1
NTLS,03/03/2014,10:02:46.663,13.61,T,2,13.65,T,1
NTLS,03/03/2014,10:02:46.665,13.61,K,1,13.65,T,1
NTLS,03/03/2014,10:02:46.666,13.61,P,1,13.65,T,1
NTLS,03/03/2014,10:02:46.667,13.61,P,1,13.65,T,3
NTLS,03/03/2014,10:02:46.667,13.61,C,1,13.65,T,3
NTLS,03/03/2014,10:02:46.667,13.6,T,1,13.65,T,3
NTLS,03/03/2014,10:02:46.668,13.6,T,1,13.65,T,4
NTLS,03/03/2014,10:02:46.668,13.6,T,1,13.64,T,2
NTLS,03/03/2014,10:02:46.676,13.59,Z,1,13.64,T,2
NTLS,03/03/2014,10:02:46.724,13.59,Z,1,13.64,T,3
NTLS,03/03/2014,10:02:46.725,13.59,Z,1,13.64,T,4
NTLS,03/03/2014,10:02:46.803,13.59,Z,1,13.63,T,1
NTLS,03/03/2014,10:02:46.804,13.59,Z,1,13.61,P,1
NTLS,03/03/2014,10:02:46.805,13.59,Z,1,13.63,T,1
NTLS,03/03/2014,10:02:46.807,13.59,Z,1,13.62,T,2
NTLS,03/03/2014,10:02:46.807,13.59,Z,1,13.62,T,1
NTLS,03/03/2014,10:02:46.809,13.59,Z,1,13.63,T,1
NTLS,03/03/2014,10:02:46.809,13.59,Z,1,13.63,T,3
NTLS,03/03/2014,10:02:46.825,13.59,Z,1,13.63,T,4
NTLS,03/03/2014,10:02:46.825,13.59,Z,1,13.63,T,3
NTLS,03/03/2014,10:02:46.834,13.59,Z,1,13.63,T,5
NTLS,03/03/2014,10:02:47.308,13.59,Z,1,13.63,T,6
NTLS,03/03/2014,10:02:49.190,13.59,T,1,13.63,T,6
NTLS,03/03/2014,10:02:49.191,13.59,P,1,13.63,T,6
NTLS,03/03/2014,10:02:50.260,13.58,P,1,13.63,T,6
NTLS,03/03/2014,10:02:51.196,13.58,P,1,13.63,T,5
NTLS,03/03/2014,10:02:54.693,13.58,P,2,13.63,T,5
NTLS,03/03/2014,10:02:54.700,13.58,P,1,13.63,T,5
NTLS,03/03/2014,10:02:59.559,13.58,T,5,13.63,T,5
NTLS,03/03/2014,10:03:00.549,13.58,T,5,13.63,T,6
NTLS,03/03/2014,10:03:00.630,13.58,T,3,13.63,T,6
NTLS,03/03/2014,10:03:00.637,13.58,T,2,13.63,T,6
NTLS,03/03/2014,10:03:02.003,13.58,T,2,13.63,T,7
NTLS,03/03/2014,10:03:02.583,13.58,T,2,13.63,T,6
NTLS,03/03/2014,10:03:02.674,13.58,T,4,13.63,T,6
NTLS,03/03/2014,10:03:04.647,13.58,T,5,13.63,T,6
NTLS,03/03/2014,10:03:06.674,13.58,T,6,13.63,T,6
NTLS,03/03/2014,10:03:06.678,13.58,T,7,13.63,T,6
NTLS,03/03/2014,10:03:08.014,13.58,T,7,13.63,T,5
NTLS,03/03/2014,10:03:08.015,13.58,T,7,13.63,T,3
NTLS,03/03/2014,10:03:12.725,13.58,T,7,13.63,T,1
NTLS,03/03/2014,10:03:12.730,13.58,T,8,13.63,T,1
NTLS,03/03/2014,10:03:22.837,13.58,T,8,13.63,T,2
NTLS,03/03/2014,10:03:29.843,13.58,T,9,13.63,T,2
NTLS,03/03/2014,10:03:32.442,13.58,T,9,13.63,T,1
NTLS,03/03/2014,10:03:42.559,13.58,T,9,13.63,T,2
NTLS,03/03/2014,10:03:46.683,13.58,T,9,13.63,T,3
NTLS,03/03/2014,10:03:50.038,13.58,T,8,13.63,T,3
NTLS,03/03/2014,10:03:50.038,13.58,T,6,13.63,T,3
NTLS,03/03/2014,10:03:50.038,13.58,T,4,13.63,T,3
NTLS,03/03/2014,10:03:50.040,13.58,T,4,13.63,T,5
NTLS,03/03/2014,10:03:50.040,13.58,T,3,13.63,T,5
NTLS,03/03/2014,10:03:50.040,13.58,T,2,13.63,T,5
NTLS,03/03/2014,10:03:50.042,13.58,T,2,13.63,T,6
NTLS,03/03/2014,10:03:50.044,13.58,T,2,13.62,T,2
NTLS,03/03/2014,10:03:50.048,13.58,T,2,13.62,T,3
NTLS,03/03/2014,10:03:50.048,13.58,T,2,13.62,T,1
NTLS,03/03/2014,10:03:50.050,13.58,T,2,13.62,T,3
NTLS,03/03/2014,10:03:50.284,13.58,T,2,13.62,T,5
NTLS,03/03/2014,10:03:50.308,13.58,T,2,13.62,T,6
NTLS,03/03/2014,10:03:50.308,13.58,T,1,13.62,T,6
NTLS,03/03/2014,10:03:50.378,13.58,T,1,13.62,T,7
NTLS,03/03/2014,10:03:53.973,13.56,K,10,13.62,T,7
NTLS,03/03/2014,10:03:53.976,13.56,K,10,13.61,T,2
NTLS,03/03/2014,10:03:54.352,13.56,K,10,13.61,K,1
NTLS,03/03/2014,10:03:55.336,13.6,T,1,13.61,K,1
NTLS,03/03/2014,10:03:55.408,13.6,T,1,13.61,P,1
NTLS,03/03/2014,10:03:56.367,13.6,T,2,13.61,P,1
NTLS,03/03/2014,10:03:57.036,13.61,T,1,13.61,P,1
NTLS,03/03/2014,10:03:57.036,13.61,T,2,13.61,P,1
NTLS,03/03/2014,10:03:57.036,13.61,T,1,13.61,P,1
NTLS,03/03/2014,10:03:57.036,13.6,D,9,13.61,P,1
NTLS,03/03/2014,10:03:57.037,13.6,D,9,13.62,T,5
NTLS,03/03/2014,10:03:57.037,13.61,P,1,13.62,T,5
NTLS,03/03/2014,10:03:57.046,13.61,P,1,13.62,T,4
NTLS,03/03/2014,10:03:57.065,13.61,P,1,13.62,T,3
NTLS,03/03/2014,10:03:57.076,13.61,P,1,13.62,T,1
NTLS,03/03/2014,10:03:57.192,13.6,D,9,13.62,T,1
NTLS,03/03/2014,10:03:57.850,13.6,D,9,13.62,T,3
NTLS,03/03/2014,10:03:58.103,13.6,D,9,13.62,T,1
NTLS,03/03/2014,10:03:58.228,13.61,T,1,13.62,T,1
NTLS,03/03/2014,10:03:59.193,13.61,T,2,13.62,T,1
NTLS,03/03/2014,10:04:01.355,13.61,T,1,13.62,T,1
NTLS,03/03/2014,10:04:01.355,13.6,D,9,13.62,T,1
NTLS,03/03/2014,10:04:04.344,13.6,D,9,13.62,T,3
NTLS,03/03/2014,10:04:05.839,13.6,D,9,13.62,T,1
NTLS,03/03/2014,10:04:07.309,13.6,D,9,13.62,T,3
NTLS,03/03/2014,10:04:10.467,13.6,D,9,13.62,T,4
NTLS,03/03/2014,10:04:16.661,13.6,D,9,13.62,T,5
NTLS,03/03/2014,10:04:17.122,13.6,D,9,13.61,P,1
NTLS,03/03/2014,10:04:20.127,13.6,D,9,13.61,P,2
NTLS,03/03/2014,10:04:46.843,13.61,T,1,13.61,P,2
NTLS,03/03/2014,10:04:46.843,13.61,T,1,13.61,P,1
NTLS,03/03/2014,10:04:46.843,13.61,T,2,13.61,P,1
NTLS,03/03/2014,10:04:46.843,13.61,T,3,13.61,P,1
NTLS,03/03/2014,10:04:46.843,13.61,T,4,13.61,P,1
NTLS,03/03/2014,10:04:46.843,13.61,T,3,13.61,P,1
NTLS,03/03/2014,10:04:46.843,13.61,T,3,13.62,T,3
NTLS,03/03/2014,10:04:46.844,13.61,T,4,13.62,T,3
NTLS,03/03/2014,10:04:46.861,13.61,T,4,13.62,T,2
NTLS,03/03/2014,10:04:46.962,13.61,T,4,13.62,T,1
NTLS,03/03/2014,10:04:46.962,13.61,T,4,13.63,T,1
NTLS,03/03/2014,10:04:46.963,13.62,T,1,13.63,T,1
NTLS,03/03/2014,10:04:46.963,13.62,T,2,13.63,T,1
NTLS,03/03/2014,10:04:46.963,13.62,T,2,13.64,Z,4
NTLS,03/03/2014,10:04:46.963,13.63,T,1,13.64,Z,4
NTLS,03/03/2014,10:04:46.963,13.63,T,2,13.64,Z,4
NTLS,03/03/2014,10:04:47.112,13.63,T,1,13.64,Z,4
NTLS,03/03/2014,10:04:47.112,13.62,T,1,13.64,Z,4
NTLS,03/03/2014,10:04:51.759,13.62,C,1,13.64,Z,4
NTLS,03/03/2014,10:04:51.760,13.61,T,4,13.64,Z,4
NTLS,03/03/2014,10:04:57.148,13.62,T,1,13.64,Z,4
NTLS,03/03/2014,10:04:57.149,13.63,T,1,13.64,Z,4
NTLS,03/03/2014,10:04:57.149,13.63,T,2,13.64,Z,4
NTLS,03/03/2014,10:04:57.150,13.63,T,1,13.64,Z,4
NTLS,03/03/2014,10:04:57.296,13.62,Z,1,13.64,Z,4
NTLS,03/03/2014,10:04:57.297,13.62,C,1,13.64,Z,4
NTLS,03/03/2014,10:04:57.298,13.61,T,4,13.64,Z,4
NTLS,03/03/2014,10:05:04.480,13.61,T,3,13.64,Z,4
NTLS,03/03/2014,10:05:04.480,13.61,T,2,13.64,Z,4
NTLS,03/03/2014,10:05:04.482,13.61,T,1,13.64,Z,4
NTLS,03/03/2014,10:05:06.434,13.61,T,1,13.64,Z,3
NTLS,03/03/2014,10:05:19.211,13.61,T,2,13.64,Z,3
NTLS,03/03/2014,10:05:19.211,13.61,T,3,13.64,Z,3
NTLS,03/03/2014,10:05:22.467,13.61,T,2,13.64,Z,3
NTLS,03/03/2014,10:05:24.643,13.61,T,3,13.64,Z,3
NTLS,03/03/2014,10:05:24.643,13.61,T,4,13.64,Z,3
NTLS,03/03/2014,10:05:27.899,13.61,T,3,13.64,Z,3
NTLS,03/03/2014,10:05:31.121,13.61,T,4,13.64,Z,3
NTLS,03/03/2014,10:05:31.121,13.61,T,5,13.64,Z,3
NTLS,03/03/2014,10:05:32.322,13.61,T,4,13.64,Z,3
NTLS,03/03/2014,10:05:34.377,13.61,T,3,13.64,Z,3
NTLS,03/03/2014,10:05:36.976,13.61,T,4,13.64,Z,3
NTLS,03/03/2014,10:05:36.976,13.61,T,5,13.64,Z,3
NTLS,03/03/2014,10:05:40.234,13.61,T,4,13.64,Z,3
NTLS,03/03/2014,10:05:41.284,13.61,T,3,13.64,Z,3
NTLS,03/03/2014,10:05:42.171,13.62,T,1,13.64,Z,3
NTLS,03/03/2014,10:05:42.171,13.62,T,2,13.64,Z,3
NTLS,03/03/2014,10:05:43.560,13.62,T,3,13.64,Z,3
NTLS,03/03/2014,10:05:43.565,13.62,T,4,13.64,Z,3
NTLS,03/03/2014,10:05:44.349,13.62,T,3,13.64,Z,3
NTLS,03/03/2014,10:05:44.404,13.62,T,2,13.64,Z,3
NTLS,03/03/2014,10:05:50.451,13.62,T,1,13.64,Z,3
NTLS,03/03/2014,10:05:50.959,13.62,T,2,13.64,Z,3
NTLS,03/03/2014,10:05:50.959,13.62,T,3,13.64,Z,3
NTLS,03/03/2014,10:05:52.644,13.62,T,2,13.64,Z,3
NTLS,03/03/2014,10:05:54.216,13.62,T,1,13.64,Z,3
NTLS,03/03/2014,10:05:59.039,13.62,T,2,13.64,Z,3
NTLS,03/03/2014,10:05:59.039,13.62,T,3,13.64,Z,3
NTLS,03/03/2014,10:06:02.295,13.62,T,2,13.64,Z,3
NTLS,03/03/2014,10:06:04.047,13.63,T,1,13.64,Z,3
NTLS,03/03/2014,10:06:10.263,13.63,T,1,13.64,Z,2
NTLS,03/03/2014,10:06:10.586,13.63,T,5,13.64,Z,2
NTLS,03/03/2014,10:06:10.613,13.63,T,5,13.64,T,3
NTLS,03/03/2014,10:06:10.613,13.63,T,5,13.64,T,2
NTLS,03/03/2014,10:06:10.614,13.63,T,5,13.64,T,1
NTLS,03/03/2014,10:06:10.614,13.63,T,5,13.65,T,1
NTLS,03/03/2014,10:06:10.614,13.63,T,6,13.65,T,1
NTLS,03/03/2014,10:06:10.614,13.63,T,7,13.65,T,1
NTLS,03/03/2014,10:06:10.614,13.64,T,1,13.65,T,1
NTLS,03/03/2014,10:06:10.614,13.64,T,2,13.65,T,1
NTLS,03/03/2014,10:06:10.614,13.64,T,3,13.65,T,1
NTLS,03/03/2014,10:06:10.614,13.64,T,4,13.65,T,1
NTLS,03/03/2014,10:06:10.614,13.64,T,4,13.66,P,1
NTLS,03/03/2014,10:06:10.616,13.64,T,3,13.66,P,1
NTLS,03/03/2014,10:06:10.762,13.64,T,2,13.66,P,1
NTLS,03/03/2014,10:06:10.762,13.64,T,1,13.66,P,1
NTLS,03/03/2014,10:06:10.762,13.64,Z,1,13.66,P,1
NTLS,03/03/2014,10:06:10.763,13.63,T,5,13.66,P,1
NTLS,03/03/2014,10:06:11.040,13.63,T,6,13.66,P,1
NTLS,03/03/2014,10:06:13.653,13.63,T,2,13.66,P,1
NTLS,03/03/2014,10:06:14.297,13.63,T,1,13.66,P,1
NTLS,03/03/2014,10:06:17.055,13.63,T,2,13.66,P,1
NTLS,03/03/2014,10:06:17.055,13.63,T,3,13.66,P,1
NTLS,03/03/2014,10:06:19.512,13.64,T,5,13.66,P,1
NTLS,03/03/2014,10:06:19.512,13.64,T,6,13.66,P,1
NTLS,03/03/2014,10:06:46.817,13.64,T,5,13.66,P,1
NTLS,03/03/2014,10:06:50.336,13.64,T,5,13.66,P,2
NTLS,03/03/2014,10:07:02.335,13.64,T,5,13.66,P,1
NTLS,03/03/2014,10:07:02.340,13.64,T,4,13.66,P,1
NTLS,03/03/2014,10:07:02.340,13.64,T,2,13.66,P,1
NTLS,03/03/2014,10:07:02.340,13.64,K,4,13.66,P,1
NTLS,03/03/2014,10:07:02.340,13.64,K,4,13.65,T,1
NTLS,03/03/2014,10:07:02.340,13.64,K,4,13.65,T,2
NTLS,03/03/2014,10:07:02.341,13.63,T,4,13.65,T,2
NTLS,03/03/2014,10:07:02.341,13.63,T,4,13.65,T,3
NTLS,03/03/2014,10:07:02.341,13.63,T,4,13.64,T,1
NTLS,03/03/2014,10:07:02.342,13.63,T,3,13.64,T,1
NTLS,03/03/2014,10:07:02.342,13.63,T,3,13.65,T,2
NTLS,03/03/2014,10:07:02.342,13.63,T,3,13.65,T,1
NTLS,03/03/2014,10:07:02.342,13.63,T,3,13.66,T,8
NTLS,03/03/2014,10:07:02.342,13.63,T,3,13.66,T,7
NTLS,03/03/2014,10:07:02.343,13.63,T,3,13.66,T,6
NTLS,03/03/2014,10:07:02.343,13.63,T,3,13.66,T,8
NTLS,03/03/2014,10:07:02.353,13.63,T,3,13.66,T,9
NTLS,03/03/2014,10:07:02.386,13.63,T,2,13.66,T,9
NTLS,03/03/2014,10:07:02.394,13.63,T,1,13.66,T,9
NTLS,03/03/2014,10:07:02.654,13.63,T,1,13.64,T,5
NTLS,03/03/2014,10:07:02.654,13.63,T,1,13.64,T,6
NTLS,03/03/2014,10:07:02.782,13.63,K,1,13.64,T,6
NTLS,03/03/2014,10:07:02.783,13.63,K,1,13.64,T,7
NTLS,03/03/2014,10:07:02.783,13.63,K,1,13.64,T,8
NTLS,03/03/2014,10:07:02.783,13.61,T,4,13.64,T,8
NTLS,03/03/2014,10:07:02.783,13.61,T,4,13.63,T,1
NTLS,03/03/2014,10:07:02.783,13.61,T,4,13.63,T,2
NTLS,03/03/2014,10:07:02.783,13.61,T,4,13.63,T,3
NTLS,03/03/2014,10:07:02.784,13.62,T,1,13.63,T,3
NTLS,03/03/2014,10:07:02.784,13.62,T,1,13.63,T,2
NTLS,03/03/2014,10:07:02.791,13.62,T,1,13.63,T,1
NTLS,03/03/2014,10:07:02.791,13.62,T,1,13.64,T,8
NTLS,03/03/2014,10:07:02.831,13.61,T,4,13.64,T,8
NTLS,03/03/2014,10:07:02.849,13.61,T,4,13.64,T,9
NTLS,03/03/2014,10:07:03.783,13.61,T,4,13.64,T,4
NTLS,03/03/2014,10:07:05.104,13.61,T,4,13.64,T,5
NTLS,03/03/2014,10:07:05.104,13.61,T,3,13.64,T,5
NTLS,03/03/2014,10:07:08.707,13.61,T,3,13.64,T,6
NTLS,03/03/2014,10:07:11.522,13.61,T,3,13.64,T,7
NTLS,03/03/2014,10:07:11.550,13.61,T,3,13.64,T,9
NTLS,03/03/2014,10:07:12.217,13.61,T,3,13.64,T,8
NTLS,03/03/2014,10:07:12.568,13.61,T,2,13.64,T,8
NTLS,03/03/2014,10:07:17.338,13.61,T,2,13.64,T,9
NTLS,03/03/2014,10:07:19.664,13.61,T,1,13.64,T,9
NTLS,03/03/2014,10:07:19.664,13.61,T,2,13.64,T,9
NTLS,03/03/2014,10:07:19.666,13.61,T,2,13.63,T,2
NTLS,03/03/2014,10:07:19.666,13.61,T,2,13.63,T,3
NTLS,03/03/2014,10:07:19.667,13.61,T,1,13.63,T,3
NTLS,03/03/2014,10:07:19.667,13.6,D,9,13.63,T,3
NTLS,03/03/2014,10:07:19.667,13.6,D,9,13.62,T,1
NTLS,03/03/2014,10:07:19.668,13.6,D,9,13.61,T,2
NTLS,03/03/2014,10:07:19.668,13.6,D,9,13.61,T,3
NTLS,03/03/2014,10:07:19.668,13.6,D,9,13.61,T,4
NTLS,03/03/2014,10:07:19.668,13.6,D,9,13.61,T,5
NTLS,03/03/2014,10:07:19.668,13.6,D,9,13.61,T,4
NTLS,03/03/2014,10:07:19.669,13.6,D,9,13.61,T,3
NTLS,03/03/2014,10:07:19.669,13.6,D,9,13.61,T,2
NTLS,03/03/2014,10:07:20.640,13.6,D,9,13.62,Z,1
NTLS,03/03/2014,10:07:35.718,13.61,T,1,13.62,Z,1
NTLS,03/03/2014,10:07:35.718,13.61,T,2,13.62,Z,1
NTLS,03/03/2014,10:07:35.718,13.61,T,2,13.62,K,4
NTLS,03/03/2014,10:07:35.718,13.61,T,3,13.62,K,4
NTLS,03/03/2014,10:07:35.719,13.61,T,2,13.62,K,4
NTLS,03/03/2014,10:07:35.727,13.61,T,2,13.62,K,3
NTLS,03/03/2014,10:07:35.727,13.61,T,2,13.63,P,1
NTLS,03/03/2014,10:07:35.727,13.61,T,3,13.63,P,1
NTLS,03/03/2014,10:07:35.727,13.61,T,4,13.63,P,1
NTLS,03/03/2014,10:07:35.727,13.61,T,3,13.63,P,1
NTLS,03/03/2014,10:07:35.728,13.62,T,1,13.63,P,1
NTLS,03/03/2014,10:07:35.728,13.62,T,2,13.63,P,1
NTLS,03/03/2014,10:07:35.728,13.62,T,3,13.63,P,1
NTLS,03/03/2014,10:07:35.728,13.62,T,4,13.63,P,1
NTLS,03/03/2014,10:07:35.728,13.62,T,5,13.63,P,1
NTLS,03/03/2014,10:07:35.735,13.62,T,4,13.63,P,1
NTLS,03/03/2014,10:07:35.763,13.63,T,1,13.63,P,1
NTLS,03/03/2014,10:07:35.763,13.63,T,2,13.63,P,1
NTLS,03/03/2014,10:07:35.763,13.63,T,3,13.63,P,1
NTLS,03/03/2014,10:07:35.764,13.63,T,3,13.64,K,4
NTLS,03/03/2014,10:07:35.765,13.63,T,3,13.64,T,1
NTLS,03/03/2014,10:07:35.766,13.63,T,3,13.64,T,2
NTLS,03/03/2014,10:07:35.812,13.63,T,3,13.64,T,1
NTLS,03/03/2014,10:07:35.812,13.63,T,3,13.65,T,1
NTLS,03/03/2014,10:07:35.813,13.64,T,1,13.65,T,1
NTLS,03/03/2014,10:07:35.813,13.64,T,1,13.66,T,5
NTLS,03/03/2014,10:07:35.813,13.64,T,1,13.66,T,4
NTLS,03/03/2014,10:07:35.813,13.64,T,2,13.66,T,4
NTLS,03/03/2014,10:07:35.813,13.64,T,2,13.66,T,2
NTLS,03/03/2014,10:07:36.431,13.64,T,1,13.66,T,2
NTLS,03/03/2014,10:07:36.431,13.63,T,2,13.66,T,2
NTLS,03/03/2014,10:07:36.432,13.63,T,1,13.66,T,2
NTLS,03/03/2014,10:07:36.432,13.62,T,3,13.66,T,2
NTLS,03/03/2014,10:07:36.434,13.62,T,3,13.66,T,4
NTLS,03/03/2014,10:07:36.434,13.62,T,3,13.66,T,5
NTLS,03/03/2014,10:07:36.437,13.62,T,5,13.66,T,5
NTLS,03/03/2014,10:07:37.024,13.62,T,5,13.66,T,6
NTLS,03/03/2014,10:07:37.024,13.62,T,4,13.66,T,6
NTLS,03/03/2014,10:07:37.847,13.62,T,2,13.66,T,6
NTLS,03/03/2014,10:07:37.849,13.62,T,2,13.65,T,2
NTLS,03/03/2014,10:07:37.849,13.62,T,2,13.65,T,3
NTLS,03/03/2014,10:07:37.864,13.62,T,2,13.65,T,4
NTLS,03/03/2014,10:07:37.864,13.62,T,2,13.65,T,5
NTLS,03/03/2014,10:07:38.774,13.62,T,1,13.65,T,5
NTLS,03/03/2014,10:07:38.774,13.61,T,1,13.65,T,5
NTLS,03/03/2014,10:07:38.779,13.61,T,3,13.65,T,5
NTLS,03/03/2014,10:07:38.779,13.61,T,5,13.65,T,5
NTLS,03/03/2014,10:07:38.779,13.61,T,6,13.65,T,5
NTLS,03/03/2014,10:07:39.297,13.61,T,6,13.65,T,6
NTLS,03/03/2014,10:07:39.318,13.61,T,6,13.65,T,7
NTLS,03/03/2014,10:07:40.004,13.61,T,6,13.64,Z,4
NTLS,03/03/2014,10:07:40.005,13.61,T,6,13.64,Z,3
NTLS,03/03/2014,10:07:40.009,13.61,T,5,13.64,Z,3
NTLS,03/03/2014,10:07:40.010,13.61,T,3,13.64,Z,3
NTLS,03/03/2014,10:07:40.883,13.61,T,4,13.64,Z,3
NTLS,03/03/2014,10:07:42.432,13.61,T,4,13.64,Z,7
NTLS,03/03/2014,10:07:46.868,13.61,T,3,13.64,Z,7
NTLS,03/03/2014,10:07:48.338,13.62,T,1,13.64,Z,7
NTLS,03/03/2014,10:07:48.338,13.62,T,2,13.64,Z,7
NTLS,03/03/2014,10:07:50.404,13.62,T,1,13.64,Z,7
NTLS,03/03/2014,10:07:50.404,13.61,J,6,13.64,Z,7
NTLS,03/03/2014,10:07:50.410,13.61,T,1,13.64,Z,7
NTLS,03/03/2014,10:07:50.411,13.61,T,1,13.63,T,2
NTLS,03/03/2014,10:07:50.411,13.61,T,1,13.63,T,3
NTLS,03/03/2014,10:07:50.411,13.6,D,9,13.63,T,3
NTLS,03/03/2014,10:07:50.432,13.6,D,9,13.63,T,5
NTLS,03/03/2014,10:07:50.442,13.6,D,9,13.63,T,6
NTLS,03/03/2014,10:07:58.110,13.61,T,1,13.63,T,6
NTLS,03/03/2014,10:07:58.110,13.61,T,2,13.63,T,6
NTLS,03/03/2014,10:07:58.111,13.62,T,1,13.63,T,6
NTLS,03/03/2014,10:07:58.111,13.62,T,2,13.63,T,6
NTLS,03/03/2014,10:07:58.114,13.62,T,2,13.63,T,5
NTLS,03/03/2014,10:07:58.114,13.62,T,2,13.63,T,3
NTLS,03/03/2014,10:07:58.116,13.62,T,2,13.63,T,1
NTLS,03/03/2014,10:07:58.119,13.62,T,1,13.63,T,1
NTLS,03/03/2014,10:07:58.122,13.62,T,1,13.64,Z,7
NTLS,03/03/2014,10:07:58.263,13.62,P,1,13.64,Z,7
NTLS,03/03/2014,10:07:58.265,13.61,T,1,13.64,Z,7
NTLS,03/03/2014,10:07:58.267,13.6,T,11,13.64,Z,7
NTLS,03/03/2014,10:08:00.854,13.6,T,11,13.63,Z,2
NTLS,03/03/2014,10:08:13.011,13.6,T,11,13.62,K,1
NTLS,03/03/2014,10:08:13.125,13.61,T,1,13.62,K,1
NTLS,03/03/2014,10:08:13.126,13.61,T,1,13.62,P,1
NTLS,03/03/2014,10:08:13.126,13.61,T,2,13.62,P,1
NTLS,03/03/2014,10:08:13.126,13.61,T,3,13.62,P,1
NTLS,03/03/2014,10:08:13.126,13.62,T,1,13.62,P,1
NTLS,03/03/2014,10:08:13.126,13.62,T,2,13.62,P,1
NTLS,03/03/2014,10:08:13.126,13.62,T,1,13.62,P,1
NTLS,03/03/2014,10:08:13.126,13.61,T,2,13.62,P,1
NTLS,03/03/2014,10:08:13.126,13.61,T,2,13.63,T,4
NTLS,03/03/2014,10:08:13.126,13.61,T,2,13.62,T,1
